1754 3016
657 96 926 140 POLITICA.
1488 89 1519 135 9

67 198 214 252 κυρίου
238 197 412 255 Ἰωσήφ,
443 195 490 247 ὃς
518 198 592 239 καί
618 194 661 239 ἐν
679 195 925 252 Φλωρεντίᾳ
956 194 1206 248 ἐτελεύτησε,
1234 190 1309 235 καὶ
1334 196 1525 247 λειτουρ-

66 265 162 319 γίας
189 266 411 319 γενομένης
446 265 492 306 ἐν
531 265 587 318 τῷ
614 265 796 318 μεγίστῳ
835 264 922 317 ναῷ
965 262 1038 315 τῆς
1065 262 1140 302 τοῦ
1168 262 1274 301 θεοῦ
1300 256 1426 313 λόγου
1454 274 1526 300 σο·

68 331 172 386 φίας
198 329 454 386 ἐμελέτησαν
496 331 574 371 καί
595 327 814 382 ἐκύρωσαν
849 328 1125 378 α’ποπλεῦσαι,
1155 323 1527 380 χειροτονήσαντες

67 393 249 450 ἔξαρχον
285 397 358 450 τῆς
392 392 574 438 συνόδου
615 394 798 447 Μάρκον
845 391 921 433 τὸν
960 390 1195 446 εὕγενικόν,
1234 390 1308 432 τὸν
1349 391 1526 446 Ἐφέσου

34 461 381 516 ὅμητροπολίτην.
413 459 685 508 κατελθόντες
713 454 790 500 οὖν
816 459 891 499 καί
916 459 1009 499 ἐκεῖ
1041 455 1295 506 ἀπελθόντες
1323 457 1396 498 καὶ
1424 472 1527 498 συν-

68 525 252 576 ελεύσεις
292 526 541 582 ποιήσαντες
576 527 651 567 καί
678 526 835 566 διετίαν
865 520 965 578 ὅλην
1004 524 1353 576 ε’νδιατριῖμαντες
1381 524 1526 576 έποίη..

67 606 148 634 σαν
174 593 253 645 μὲν
281 593 448 642 ἕνωσιν,
479 591 536 640 ὥς
571 593 623 632 τὰ
657 589 883 644 Πρακτικιὲ
924 592 996 644 τῆς
1024 588 1070 631 έν
1100 590 1345 646 Φλωρεντίᾳ
1375 587 1528 643 ταύτης

68 659 288 712 λεγομένης
308 656 458 711 ὄγδόης
483 655 665 699 συνόδου
687 661 812 710 λέγει,
836 659 951 704 τέλος
973 658 1020 698 δὲ
1037 656 1226 709 χρηστὸν
1254 656 1390 708 ου’δέν,
1419 651 1529 703 ὅλως

39 775 49 783 1
66 724 143 764 τοῦ
165 723 342 779 Ἐφέσου
370 723 429 777 μή
463 720 801 776 ὗπογρὰψαντος,
830 721 939 764 ἀλλὰ
967 724 1040 763 καί
1059 724 1319 775 λογομαχίας
1343 722 1418 762 καί
1446 716 1529 762 αὖ-

14 796 57 831 10
70 791 138 839 θις
165 788 421 844 κινησᾰντων
451 790 628 841 πολλῶν,
657 786 725 830 ὅτε
746 791 806 837 εἰς
825 790 900 843 τήν
917 788 1240 830 Κωνσταντίνου
1268 785 1526 841 ἐπανῆλθον.

70 853 170 898 ὅθεν
199 857 378 908 ου’δεμία
423 858 586 910 ἐγένετο
615 853 820 910 βοήθεια,
848 853 957 896 α’λλὰ
982 853 1057 895 τὸν
1079 852 1211 896 ’Ύλαν
1237 850 1411 908 ἔκραζον
1435 869 1529 894 και-

69 919 146 976 ρὸν
173 919 308 963 τόσον.

198 984 533 1042 Ἐπανελθόντων
566 987 613 1028 δὲ
658 985 740 1027 ἀπὸ
781 986 954 1036 Ἰταλίας
990 987 1219 1037 κατέλαβε-ν
1265 981 1289 1025 ὅ
1326 981 1527 1037 βασιλεύς

68 1051 142 1107 τήν
170 1049 325 1096 ἑαυτοῦ
362 1051 564 1109 φιλτάτην
609 1059 788 1106 γυναῖκα
825 1055 1007 1105 Μαρίαν
1051 1051 1129 1106 τήν
1170 1048 1528 1103 Καντακουζηνήν

15 1121 59 1154 15
70 1119 145 1160 οὐκ
173 1121 218 1160 έν
250 1120 376 1170 ζῶσιν
403 1117 510 1160 α’λλά
540 1119 849 1173 τελευτήσασαν
877 1117 957 1172 πρὸ
984 1120 1158 1172 καιροῦ·
1187 1118 1261 1158 καί
1287 1112 1421 1164 οὕτως
1452 1110 1527 1156 οὗ-

70 1190 138 1234 τος
165 1186 244 1237 μὲν
272 1187 318 1226 έν
346 1182 457 1242 λύπῃ
485 1181 548 1239 ἤν.
619 1183 656 1226 οἱ
687 1186 734 1225 δὲ
776 1186 821 1226 έν
848 1187 899 1241 τῇ
926 1183 1044 1225 πόλει
1073 1183 1273 1238 κληρικοί,
1302 1181 1529 1235 ἱερομόνα-

70 1265 169 1304 χοι,
199 1248 348 1304 ἱερεῖς,
380 1251 616 1304 ἡγούμενοι,
646 1252 923 1303 πνευματικοί
948 1253 1021 1292 καί
1037 1248 1075 1291 οἱ
1105 1250 1244 1291 λοιποί
1274 1248 1350 1289 οὐκ
1377 1244 1529 1303 ἤθελον

71 1319 446 1372 συλλειτουργῆσαι
491 1323 578 1366 τοῖς
622 1318 821 1359 ἐλθοῦσιν
857 1313 885 1371 ἢ
915 1317 1205 1372 μνημονεῦσαι
1241 1311 1410 1366 αὖτούς,
1435 1314 1529 1356 ἀλλ’

73 1383 324 1436 ἒχωρίζοντο
353 1382 491 1424 αὐτῶν
521 1383 578 1432 ὥς
608 1384 774 1437 α’σεβῶν
800 1385 945 1427 εἰπεῖν.
982 1380 1131 1423 πολλοὶ
1157 1383 1204 1423 δὲ
1232 1377 1529 1438 παρῃτήσαντο

15 1449 145 1490 2οκαἰ
171 1447 247 1503 τήν
283 1446 527 1503 ἱερωσύνην.
596 1449 668 1491 καί
695 1452 858 1503 γέγονεν
897 1448 921 1503 ἧ
954 1451 1100 1497 ἓνωσις
1140 1449 1360 1501 διαίρεσις.
1420 1442 1530 1487 οὕτω

75 1511 125 1569 δή
159 1518 403 1571 φερομένων
431 1517 515 1557 τῶν
543 1517 895 1570 ε’κκλησιαστικῶν
935 1515 992 1564 ὥς
1025 1512 1196 1567 ἔτυχεν,
1225 1514 1299 1554 καί
1326 1511 1384 1566 μή
1417 1508 1531 1561 ὄντος

169 1620 204 1655 8.
234 1620 396 1658 συνόδου
423 1621 493 1676 add
515 1623 543 1655 A

77 1726 174 1749 crum
201 1715 404 1749 faciendum
430 1728 506 1749 cum
537 1715 736 1761 patriarcha
762 1715 929 1760 Iosepho‚
961 1714 1023 1760 qui
1050 1719 1176 1760 postea
1204 1713 1411 1746 Florentiae
1436 1711 1549 1744 diem·

78 1773 181 1795 suum
208 1763 326 1804 obiit,
366 1764 628 1803 convenissent,
654 1763 797 1807 liturgia
833 1763 869 1794 in
896 1762 1049 1794 maximo
1081 1761 1194 1794 divini
1234 1761 1304 1804 logi
1333 1759 1531 1804 sapientiae

78 1809 212 1854 templo
230 1816 371 1854 peracta
398 1812 560 1855 navigare
588 1809 672 1843 inde
700 1809 946 1848 decreverunt,
970 1807 1122 1841 exarcho
1146 1819 1207 1840 seu
1236 1807 1420 1851 inceptore
1447 1816 1534 1848 syn-

78 1855 139 1890 odi
170 1856 354 1901 designato
379 1858 497 1890 Marco
527 1858 716 1900 Eugenic0‚
742 1856 872 1901 Ephesi
901 1856 1142 1900 metropolita.
1194 1854 1303 1886 delati
1329 1855 1364 1885 in
1392 1853 1533 1885 ltaliam

79 1914 158 1935 eum
186 1903 231 1935 ad
257 1905 404 1937 Latinos
431 1905 634 1943 venissent,
663 1909 745 1948 post
785 1903 905 1947 plures
935 1913 1142 1945 congressus
1172 1907 1207 1934 et
1237 1901 1366 1944 integri
1394 1899 1535 1932 biennii

78 1960 212 1982 moram
254 1961 339 1983 sane
375 1952 543 1984 unionem
579 1962 639 1983 seu
666 1961 876 1983 consensum
911 1949 1085 1988 fecerunt,
1118 1947 1419 1994 quemadmodum
1457 1951 1535 1978 acta

81 1996 312 2030 Florentinae
326 1997 447 2038 huius,
476 2009 569 2043 quae
586 2003 708 2030 octava
729 1998 946 2036 nominatur,
973 1996 1098 2039 synodi
1120 1994 1326 2040 perhibent:
1351 1993 1412 2026 sed
1438 1993 1535 2025 exitu

80 2043 183 2076 nullo
208 2043 305 2076 bono
323 2069 332 2084 ‚
372 2056 414 2077 eo
450 2044 546 2089 quod
575 2043 799 2076 subscribere
837 2049 1015 2076 recusaret
1056 2041 1228 2087 Ephesius
1247 2066 1258 2082 ,
1284 2046 1320 2073 et
1347 2039 1536 2073 verborum

81 2091 380 2132 concertationes,
403 2098 592 2136 postquam
607 2091 747 2135 Cpolim
777 2090 975 2130 rediissent,
1001 2090 1088 2122 alias
1107 2090 1226 2121 denuo
1248 2087 1348 2120 multi
1365 2092 1536 2119 sererent.

83 2148 124 2169 ea
153 2148 256 2170 causa
283 2138 352 2170 fuit
376 2139 514 2170 nullius
550 2143 674 2183 postea
700 2137 874 2169 summissi
908 2137 1051 2169 auxilii:
1075 2135 1138 2169 sed
1162 2136 1300 2180 Hylam,
1327 2140 1366 2167 ut
1390 2144 1537 2178 prover·

81 2183 144 2217 bio
170 2183 313 2225 dicitur,
339 2189 438 2218 tanto
464 2191 624 2230 tempore
650 2185 898 2217 clamaverant.

176 2242 367 2287 Postquam
393 2254 436 2275 ex
462 2243 565 2275 Italia
587 2243 730 2275 domum
746 2241 898 2274 reditum
917 2241 998 2280 fuit,
1026 2241 1182 2285 repperit
1208 2242 1398 2283 imperator
1425 2249 1536 2277 suam,

84 2299 191 2333 quam
218 2300 352 2322 summe
378 2289 567 2329 dilexerat,
592 2290 789 2332 coniugem,
805 2289 950 2321 Mariam
969 2289 1267 2330 Cantacuzenam4
1291 2296 1364 2317 non
1385 2285 1538 2328 amplius

83 2335 121 2367 in
143 2336 234 2368 vivis
271 2336 333 2368 sed
370 2342 454 2369 ante
483 2342 621 2381 tempus
657 2337 727 2368 vita
769 2335 988 2369 defunctam.
1039 2335 1087 2366 ita
1115 2333 1171 2365 hic
1198 2331 1341 2376 quidem
1370 2333 1406 2364 in
1438 2332 1536 2363 luctu

86 2387 172 2415 erat.
223 2383 285 2427 qui
324 2394 406 2415 vero
450 2384 485 2415 in
525 2384 611 2416 urbe
645 2382 824 2426 degebant
860 2378 1296 2419 clerici,hier01nonachi‚
1323 2378 1537 2418 sacerdotes,

86 2428 246 2466 abbates,
273 2429 558 2462 confessionibus
583 2429 771 2462 audiendis
803 2428 996 2473 praepositi
1030 2427 1264 2473 (pneumatici
1291 2425 1392 2468 dicti)
1416 2436 1456 2456 ac
1480 2437 1538 2457 ce-

86 2476 180 2516 teri,
220 2475 246 2507 ii
275 2476 448 2509 nolebant
476 2477 636 2520 liturgias
662 2482 698 2509 et
725 2487 821 2510 sacra
849 2486 927 2507 curn
953 2475 1027 2506 illis
1068 2474 1129 2517 qui
1158 2478 1331 2506 venerant
1356 2471 1539 2504 celebrare

87 2527 150 2555 aut
189 2521 225 2555 in
256 2523 420 2566 precibus
453 2524 672 2556 mentionem
702 2523 859 2566 ipsorum
897 2522 1036 2560 facere,
1071 2519 1135 2552 sed
1159 2519 1203 2551 ab
1232 2520 1283 2552 eis
1310 2518 1539 2557 recedebant,

87 2573 258 2614 tanquam
299 2570 360 2614 qui
401 2570 597 2614 pietatem,
633 2574 674 2602 ut
708 2570 756 2602 ita
793 2569 929 2606 dicam,
965 2567 1195 2599 abiecissent.
1245 2567 1349 2598 multi
1376 2565 1540 2598 sacerdo-

88 2615 140 2647 tio
167 2616 272 2648 etiam
302 2617 561 2649 renuntiarunt.
625 2616 781 2661 (lenique
820 2615 996 2647 unitatem
1032 2613 1175 2652 divisio,
1211 2612 1437 2645 concordiam
1464 2611 1539 2644 dis-

90 2661 209 2694 cordia
234 2668 422 2696 consecuta
450 2668 516 2696 est.
566 2662 610 2695 ad
639 2663 734 2696 hune
758 2661 903 2696 modum
921 2662 1050 2694 iactato
1077 2665 1213 2694 temere
1249 2660 1422 2692 ecclesiae
1446 2663 1541 2691 statu
