1754 3016
561 109 941 154 monimum
978 58 1053 152 iv.
1428 94 1528 150 249

2 268 6 270 ,
201 216 330 264 Μετὰ
360 219 407 262 δὲ
425 216 582 267 πολλὰς
605 217 792 270 α’ταξίας,
821 215 899 266 τὰς
924 216 1072 266 ὁποίας
1095 212 1325 270 μεθύοντες
1353 212 1424 256 καὶ
1449 211 1533 256 ἀπὸ

0 274 11 294 ξ
67 286 171 343 μίαν
188 289 247 336 εἷς
274 281 404 342 ἄλλην
423 282 568 340 χώραν
596 286 881 338 διαβαίνοντες
911 281 1086 337 ἔκαμαν,
1113 286 1216 336 μίαν
1242 282 1407 337 ἡμέραν
1431 297 1537 324 συν-

0 341 7 355 ῇ
69 355 365 409 αθροισθέντες
409 349 499 394 ὅλοι
540 353 748 394 ἐπέπεσαν
786 349 948 406 ἕξαφνα
979 348 1083 391 κατά
1117 352 1192 404 τῆς
1227 350 1536 402 Τουρκογρανί-

0 471 1 475 ¹
72 423 143 476 ζης
173 423 246 463 καί
258 419 553 475 Ζαραβούσης,
582 419 751 472 χωρίων
780 414 836 466 ὥς
866 417 943 458 δύο
967 413 1081 472 ὥρας
1109 415 1277 471 μακρὰν
1303 417 1379 458 τοῦ
1407 430 1535 470 προρ-

0 487 272 543 ζῆ5ρηθέντος
314 487 601 541 μοναστηρίου
630 488 831 538 κειμένων
850 515 864 538 ,
891 484 965 527 καί
999 479 1192 538 εὑρόντες
1218 483 1315 533 τούς
1343 485 1436 526 ἐκεῖ
1459 500 1537 525 κα-

71 554 313 602 τοικοῦντας
346 553 558 606 Τούρκους
586 551 844 611 ἀμερίμνους
883 550 980 599 τούς
1010 552 1279 607 κατέσφαξαν
1311 547 1435 608 ὅλους
1463 548 1538 592 καί

70 618 123 662 τὰ
152 620 293 673 χωρία
322 619 561 674 ἐρήμωσαν.

191 681 390 740 Ἔπειτα,
436 688 512 727 τοῦ
551 684 681 727 αὐτοῦ
729 683 848 734 ἔτους
891 684 967 739 τὴν
1010 684 1189 741 δεκάτην
1229 688 1534 740 Σεπτεμβρίου,

0 785 3 831 ἱ
71 753 382 808 ἐπεστράτευσαν
423 751 532 806 μετὰ
575 754 654 793 τοῦ
686 752 879 807 ἀρχηγοῦ
920 769 1004 794 των
1035 751 1271 807 καλογήρου
1298 751 1374 807 τήν
1403 753 1534 794 νύκτα

0 817 177 880 pignum&
211 820 293 861 τῶν
317 818 585 871 Ἰωαννίνων,
628 817 700 860 καί
736 817 993 868 εἰσελθόντες
1032 819 1092 867 εἰς
1117 817 1191 874 τὴν
1228 818 1350 861 πόλιν
1379 817 1535 872 ἔβαλαν

70 884 206 935 efflue,-
237 886 403 941 φωτιάν
452 886 512 935 εἰς
550 884 624 940 την
669 887 746 927 τοῦ
776 883 868 926 τότε
911 887 1028 927 πασᾶ
1060 884 1279 939 Ἀσουμιὶν
1310 889 1535 939 κατοικίαν,

70 954 144 995 καί
169 951 352 995 ἔκαυσαν
380 941 559 1001 πολλοὺς
579 950 832 1007 ἀνθρώπους
859 954 933 994 καί
961 951 1029 995 τὸν
1045 952 1267 1006 βασιλικὸν
1294 952 1533 1008 θησαυρόν·

72 1017 94 1061 ὅ
125 1021 172 1062 δὲ
204 1022 341 1068 πασᾶς
370 1021 424 1072 μὲ
453 1020 528 1074 τὴν
549 1018 726 1074 γυναῖκά
756 1035 828 1061 του
859 1020 1121 1076 πηδήσαντες
1150 1019 1230 1061 α’πὸ
1263 1018 1307 1062 τὸ
1339 1019 1536 1076 παραίθυ-

69 1102 144 1142 ρον
172 1084 329 1143 ἔφυγον
357 1086 510 1141 γυμνοὶ
547 1086 624 1142 την
653 1087 802 1141 νύκτα,
833 1090 908 1129 καί
937 1086 1172 1143 ἐσώθησαν.
1229 1085 1274 1129 τὸ
1306 1089 1352 1130 δὲ
1385 1083 1537 1130 ἄθλιον

7 1155 202 1198 -15ἑκεῖνο
231 1153 314 1196 τῶν
334 1156 528 1208 γεωργῶν
556 1154 630 1195 καί
646 1156 810 1207 βοσκῶν
829 1154 1069 1209 στράτευμα
1098 1157 1151 1207 μὲ
1180 1153 1250 1197 τὸν
1271 1156 1535 1209 ψευδαστρο-

68 1220 190 1275 λόγον
219 1221 448 1276 στρατηγόν
474 1236 547 1263 του
577 1219 803 1277 ἐφώναζαν
831 1221 875 1264 τὸ
898 1220 1017 1276 κύριε
1038 1224 1224 1277 ἐλέησον,
1257 1224 1329 1264 καί
1353 1221 1534 1276 χαράτζι

20 1279 23 1282 ’
67 1287 445 1342 χαρατζόπουλον,
484 1289 556 1330 καί
595 1289 798 1340 α’ναζοῦλι
846 1289 1234 1342 α’ναζουλόπουλον,
1267 1287 1539 1342 αἰνιττόμενοι

69 1352 144 1396 τὸν
171 1354 264 1397 νέον
294 1353 436 1410 φόρον,
462 1353 535 1396 τὸν
564 1351 707 1395 ὄποῖον
728 1349 794 1408 ὅχι
825 1353 905 1409 πρὸ
933 1357 1098 1396 πολλῶν
1128 1355 1296 1411 ἡμερῶν
1326 1353 1366 1397 οἱ
1399 1359 1538 1411 Τοῦρ-

70 1436 135 1463 κοι
166 1416 289 1476 εἶχαν
316 1421 521 1473 ἑπιβάλει.
597 1415 715 1462 οὗτοι
759 1423 804 1463 δὲ
834 1419 1090 1470 α’κοιῖσαντες
1130 1421 1177 1463 τὸ
1208 1422 1327 1476 κύριε
1356 1424 1538 1478 ἐλέησον,

13 1489 302 1543 ΕΟέγνιόρισαν
333 1483 396 1529 ὅτι
426 1483 558 1542 ἦλθον
587 1491 674 1530 κατ’
706 1489 845 1531 αὐτῶν
874 1487 912 1530 οἱ
933 1490 1195 1543 Χριστιανοί,
1224 1491 1296 1531 καί
1317 1487 1538 1543 παρευθύς

72 1552 258 1609 ἔδραμον
289 1549 378 1597 ὅλοι
405 1553 581 1611 ἔφιπποι
612 1558 684 1597 καί
712 1555 873 1596 δυνατὰ
907 1555 1228 1610 ἇρματωμένοι,
1258 1555 1331 1598 καί
1353 1557 1537 1610 τρέψαν-

71 1635 138 1670 τες
166 1619 334 1677 ,αὕτοὺς
376 1621 436 1670 εἷς
477 1621 616 1678 φυγήν
646 1619 828 1671 εὐκόλως
871 1620 929 1672 ὥς
972 1622 1121 1673 πεζοὺς
1160 1625 1232 1666 καί
1263 1621 1321 1679 μὴ
1366 1620 1538 1676 ἔχοντας

206 1827 289 1862 Post
313 1827 444 1861 multas
468 1827 613 1870 turbas,
651 1839 739 1874 quas
771 1828 860 1862 ebrii
888 1833 926 1862 et
949 1839 992 1862 ex
1018 1829 1089 1862 alia
1116 1830 1153 1863 in
1182 1829 1289 1864 aliam
1326 1832 1535 1877 transgressi

74 1873 199 1908 urbem
227 1876 483 1915 excitaverunt,
510 1876 635 1920 aliquo
665 1876 724 1909 die
751 1887 872 1910 omnes
900 1878 1114 1922 congregati,
1143 1877 1263 1911 subito
1290 1880 1421 1923 agressi
1449 1884 1534 1912 sunt

72 1922 369 1965 Turcogranizam
396 1929 433 1955 et
461 1922 673 1956 Zarabusam
690 1948 699 1963 ,
739 1935 830 1969 quae
865 1923 1031 1957 horarum
1057 1926 1173 1970 spatio
1201 1925 1350 1959 duarum
1377 1937 1396 1958 a
1425 1938 1533 1972 supra

73 1975 347 2003 commemorato
374 1970 589 2003 monasterio
615 1970 777 2011 aberant,
803 1975 839 2004 et
866 1972 964 2003 nacti
981 1972 1126 2011 Tureas,
1148 1974 1210 2019 qui
1228 1973 1278 2006 ibi
1303 1972 1532 2015 habitabant,

72 2017 309 2062 imperantes,
337 2028 459 2050 omnes
488 2023 673 2057 necarunt,
705 2023 740 2050 et
772 2018 848 2050 loca
874 2017 1157 2052 devastaverunt.

207 2075 355 2116 Deinde,
382 2075 508 2108 eodem
538 2087 631 2108 anno
657 2076 788 2108 mensis
815 2077 1038 2122 Septembris
1064 2078 1123 2110 die
1153 2078 1305 2118 decimo,
1333 2089 1411 2111 cum
1439 2078 1531 2112 duce

73 2133 139 2156 suo
164 2122 339 2156 monacho
366 2129 473 2156 nocte
500 2129 622 2156 contra
651 2124 858 2155 loanninam
875 2125 1026 2168 profecti
1041 2131 1135 2164 sunt,
1167 2130 1203 2158 et
1230 2125 1353 2158 urbem
1380 2127 1530 2169 ingressi

73 2171 192 2203 statim
218 2171 451 2204 coniecerunt
479 2171 594 2215 ignem
626 2170 663 2202 in
691 2170 832 2203 domum
848 2173 1044 2211 Asumanis,
1070 2173 1130 2216 qui
1159 2178 1232 2205 tum
1263 2178 1339 2205 erat
1365 2172 1530 2207 dominus

71 2216 251 2262 (paseha),
278 2223 313 2250 et
338 2218 501 2250 homines
530 2218 659 2249 multos
686 2222 721 2250 et
748 2217 955 2251 thesaurum
985 2220 1118 2262 regium
1145 2219 1438 2262 combusserunt3
1467 2232 1531 2265 pa-

74 2264 157 2298 scha
187 2270 306 2298 autem
332 2270 368 2297 et
398 2275 486 2297 uxor
510 2266 585 2297 eius
612 2275 630 2296 e
661 2265 797 2309 postico
832 2276 908 2298 sese
932 2268 1210 2312 proripuerunt,
1248 2272 1282 2299 et
1310 2267 1395 2300 nudi
1424 2273 1530 2301 nocte

73 2311 311 2356 aufugerunt,
348 2316 384 2344 et
409 2312 537 2344 servati
567 2316 659 2344 sunt.
710 2313 818 2345 miser
844 2318 963 2347 autem
991 2314 1054 2346 ille
1081 2313 1315 2357 agricolarum
1343 2319 1380 2347 et
1406 2321 1530 2358 pasto-

75 2370 150 2391 rum
177 2359 352 2392 exercitus
378 2370 458 2391 cum
484 2359 574 2390 duce
601 2359 779 2403 astrologo
798 2360 1053 2401 exclamarunt,
1080 2359 1179 2403 kyrie
1195 2360 1338 2393 eleeson
1365 2361 1530 2405 (domine

74 2406 241 2438 miserare
267 2411 348 2447 nos)
379 2411 414 2439 et
439 2406 546 2439 breve
576 2405 739 2439 Charatzi
766 2412 803 2440 et
830 2409 989 2448 Anazuli‚
1014 2407 1256 2450 significantes
1283 2408 1434 2451 vectigal
1463 2421 1530 2442 no-

75 2463 178 2492 vum,
214 2452 312 2498 quod
348 2463 419 2485 non
451 2453 572 2485 inultis
596 2452 722 2486 diebus
746 2459 829 2487 ante
857 2455 997 2487 Turcae
1023 2455 1294 2499 imperaverant.
1346 2454 1382 2487 hi
1410 2462 1530 2489 autem

76 2511 155 2532 cum
181 2499 347 2532 audirent
371 2499 463 2532 illud
489 2499 587 2543 kyrie
605 2500 762 2542 eleeson,
788 2501 1058 2542 intellexerunt,
1083 2501 1303 2535 Christianos
1317 2513 1353 2534 se
1371 2504 1528 2546 aggredi,

76 2547 270 2592 statimque
297 2557 418 2578 omnes
444 2546 678 2581 adcurrerunt
705 2549 803 2592 equis
836 2548 967 2581 sublati
1007 2554 1042 2581 et
1079 2559 1184 2593 quam
1211 2550 1365 2582 maxime
1389 2551 1526 2589 armati,

77 2599 113 2625 et
142 2600 333 2638 postquam
364 2605 424 2626 eos
457 2595 495 2627 in
531 2595 647 2638 sugam
687 2596 792 2628 facile
819 2601 1021 2635 verterunt,
1062 2596 1199 2640 pedites
1235 2607 1354 2641 neque
1387 2595 1528 2630 bellicis

76 2641 182 2672 armis
210 2641 367 2680 indutos,
393 2641 525 2674 multos
557 2642 817 2675 interfecerunt
844 2655 914 2676 non
941 2643 1055 2675 solum
1085 2642 1222 2683 hostes,
1251 2643 1312 2677 sed
1338 2644 1443 2676 etiam
1467 2645 1527 2677 in-

76 2693 266 2730 nocentes,
297 2689 399 2734 quia,
426 2699 502 2721 cum
533 2687 709 2723 dominica
739 2689 1036 2736 subsequeretur,
1066 2690 1100 2725 in
1125 2691 1182 2724 via
1210 2701 1271 2725 eos
1297 2697 1525 2738 exceperunt,
