1754 3016
617 85 1043 128 PATRIARCfflCA.
1499 77 1564 124 93

106 186 279 240 ὀνόματι
311 187 482 242 Ἰησοῦ,
510 183 612 240 ὅπερ
644 185 722 227 οὔκ
758 182 811 227 ἂν
841 179 905 241 ἦν,
934 187 977 227 εἰ
1004 183 1029 240 ἧ
1059 184 1199 233 πίστις
1219 179 1336 239 αὕτη
1365 178 1417 239 ἦν
1443 185 1565 226 §vav-⁷

104 255 175 296 τία
199 255 249 310 τῇ
279 253 473 310 ἀληθείᾳ.
1271 261 1275 266 ·

246 317 317 360 23¹.
363 315 454 361 ’Ότι
490 315 572 359 ὅσα
610 319 775 371 λέγουσι
803 320 913 366 τινὲς
940 316 1046 358 κατὰ
1093 318 1165 372 τῆς
1194 318 1372 364 πίστεως
1397 313 1565 369 ταύτης,

58 395 69 403 ”
108 384 332 438 δυνάμεθα
360 384 476 425 λύειν
502 382 682 431 εὐκόλως
711 382 784 424 καί
810 380 1006 437 εὐλόγως.

73 451 97 484 5
220 447 270 491 κ’.
316 444 409 491 “On
441 450 494 504 τῇ
524 449 661 490 πίστει
691 446 820 504 ταύτῃ
849 448 1111 502 ἐπολέμησαν
1142 446 1214 487 διὰ
1245 447 1408 486 πολλῶν
1435 460 1566 496 τιμω-

108 519 212 571 ριῶν
244 516 318 556 καί
355 514 497 570 φόνων
528 511 567 555 οἱ
604 516 794 567 βασιλεῖς
830 512 926 554 τότε
962 512 1035 553 καί
1062 511 1100 553 οἱ
1140 511 1323 565 ἔπαρχοι
1352 512 1490 551 αὐτῶν
1523 511 1568 550 ἐν

105 585 159 639 τῇ
187 583 407 637 οἰκουμένῃ
436 580 512 634 τιη’
556 577 749 633 χρόνους,
778 580 978 620 πολύθεοι
1012 574 1127 625 ὄντες
1152 581 1223 619 καί
1251 574 1569 628 εἰδωλολάτραι,

105 651 179 689 καὶ
210 648 333 688 ου’δὲν
361 645 556 700 ἴσχυσαν,
590 644 698 686 ἀλλὰ
730 648 915 700 ἐνίκησεν
950 643 972 698 ἢ
1002 647 1155 695 πίστις,
1183 645 1256 684 καί
1283 644 1471 695 διαμένει
1491 643 1570 693 μέ-

106 728 181 766 χρι
209 714 285 754 τοῦ
315 713 402 762 νῦν,
430 713 502 752 καί
526 709 664 752 ἐλθών
694 707 715 750 ὃ
747 710 891 764 κύριος
930 710 1103 763 εὑρήσει
1135 706 1283 762 αὐτήν.
1342 707 1415 749 καὶ
1439 709 1480 748 εἰ
1505 705 1569 759 μή

51 774 157 832 ιοῆν
182 777 208 832 ἡ
235 780 373 826 πίστις
403 774 510 830 αὕτη
543 777 589 818 ἐκ
618 775 855 829 θελήματος
883 778 1000 829 θεοῦ,
1030 772 1209 829 διελύθη
1239 770 1292 815 ἂν
1318 772 1412 815 τότε
1443 770 1568 813 εὐκό-

107 849 202 893 λως.
260 843 378 899 αὐτῷ
408 843 466 899 τῷ
494 843 626 899 κυρίῳ
658 841 777 895 ἡμῶν
799 842 939 897 Ἰησοῦ
966 843 1140 898 Χριστῷ
1171 841 1286 891 δόξα.
1327 839 1454 893 α’μήν.

213 907 262 952 ‘O
288 910 336 950 δὲ
364 906 590 956 σουλτάνος
632 907 818 956 α’κούσας
860 911 994 949 ταῦτα
1030 910 1107 948 τοῦ
1135 905 1424 960 πατριάρχου,
1458 902 1563 959 ὅπερ
1584 913 1650 948 119

108 973 328 1031 ἐγγράφως
365 976 442 1016 τοῦ
479 973 633 1028 ἔδωκε,
663 974 886 1026 ἐθαύμασε
915 974 1107 1026 μεγάλως
1149 975 1209 1020 εἰς
1241 972 1317 1027 την
1347 973 1568 1025 θεολογίαν

108 1042 181 1085 καὶ
207 1045 366 1098 σοφίαν
407 1042 556 1093 αὐτοῦ,
591 1039 665 1082 καὶ
704 1041 1033 1096 ἐπληροφορήθη
1079 1038 1156 1094 τὴν
1197 1042 1336 1081 πᾶσαν
1365 1035 1570 1092 ἀληθειαν

55 1119 97 1153 15
109 1107 209 1162 περὶ
234 1110 307 1162 τῆς
336 1108 514 1154 πίστεως
541 1110 626 1148 τῶν
656 1107 951 1158 Χριστιανῶν,
978 1102 1040 1147 ὅτι
1072 1103 1164 1146 ἔναι
1194 1100 1390 1158 ἀληθινή,
1418 1103 1491 1144 καί
1516 1101 1568 1144 τά

107 1176 324 1228 μυστήρια
349 1174 425 1227 τῆς
452 1171 631 1220 πίστεως
659 1171 799 1212 αὐτῶν
827 1169 1010 1225 α’ληθινιὶ
1042 1172 1117 1212 καί
1142 1167 1470 1223 θαυματουργά,
1501 1167 1574 1209 καί

109 1242 260 1282 κανὲνα
288 1237 410 1287 δόλος
435 1239 507 1280 δὲν
530 1235 620 1278 ἔναι
646 1239 706 1285 εἰς
731 1235 856 1288 αὐτά,
885 1235 973 1291 ἆμὴ
1005 1236 1172 1292 καθαρά
1195 1238 1269 1277 καί
1297 1234 1571 1288 λαμπρότερα

204 1341 235 1372 1.
268 1338 316 1374 ἂν
344 1334 401 1381 ἦν]
437 1335 486 1374 ἄν
519 1340 572 1380 εἴη
610 1338 657 1392 Ιῖ*ἱ
775 1338 806 1370 5.
838 1336 894 1372 ὅτι
928 1336 1099 1379 ἧπίστις
1131 1333 1226 1380 αὕτη
1254 1335 1466 1383 ἐπολεμήθη
1508 1327 1573 1368 διὰ

203 1388 352 1421 πολλῶν
373 1388 563 1432 τιμωριῶν
585 1384 659 1420 ὑπο
692 1385 877 1430 βασιλέων
903 1387 966 1418 καὶ
1001 1385 1178 1430 ἐπάρχων
1216 1386 1258 1419 ἐν
1294 1384 1334 1430 τῇ
1373 1385 1570 1428 οἰκουμένῃ

203 1463 260 1493 tuq
280 1448 454 1494 χρόνους,
480 1450 678 1484 πολυθέων
714 1448 836 1483 ὄντων
868 1450 932 1481 καὶ
959 1447 1250 1494 εἰδωλολατρῶν.
1278 1448 1300 1480 Ρ
1421 1445 1476 1480 10.
1505 1444 1571 1478 τοῦ

202 1497 337 1580 ἶξῖῗόΡ
429 1497 482 1575 lpl.
510 1495 621 1542 ἄμην.
646 1497 764 1529 ταῦτα
779 1497 937 1542 λέγομεν
962 1495 1069 1541 ἡμεῖς
1090 1498 1178 1540 περὶ
1202 1495 1263 1537 τῆς
1277 1496 1438 1531 πίστεως
1463 1491 1571 1538 ἡμῶν

318 1554 412 1590 μως.

114 1634 248 1712 fecer?
274 1625 377 1678 quodv
395 1632 577 1681 profecto,
613 1632 643 1665 si
668 1632 810 1665 veritati
845 1630 935 1664 haee
966 1630 1054 1664 fides
1078 1629 1340 1672 adversaretur,
1365 1635 1567 1663 secuturum

113 1692 188 1714 non
233 1680 354 1713 uisset.

358 1737 539 1770 Hactenus
568 1735 744 1769 decimum
773 1740 936 1768 octavum
965 1740 1084 1780 caput.

230 1794 364 1835 Sexto,
402 1793 576 1839 quicquid
602 1794 646 1826 ab
673 1793 857 1839 aliquibus
885 1792 1051 1826 adversus
1087 1792 1177 1825 lianc
1215 1791 1322 1826 fidem
1349 1793 1508 1833 affertur,
1533 1790 1568 1824 id

115 1847 190 1875 tum
219 1842 323 1875 facile
348 1847 424 1875 tum
446 1841 589 1874 veritati
615 1845 853 1885 congruenter
874 1841 1013 1873 solvere
1037 1851 1238 1884 possumus.

358 1900 539 1933 Hactenus
568 1898 743 1931 decimum
777 1909 913 1931 nonum
935 1904 1054 1943 caput.

212 1957 393 1990 Postremo
420 1957 525 1990 fidem
547 1956 638 1989 hanc
664 1957 750 1989 olim
775 1961 1029 2001 oppugnarunt
1055 1956 1177 1988 multis
1205 1954 1394 1999 suppliciis
1420 1958 1456 1986 et
1484 1964 1567 1986 cae-

117 2003 222 2036 dibus
248 2015 345 2048 reges
374 2009 410 2036 et
444 2003 623 2048 praesides
665 2013 807 2043 eorum,
832 2014 896 2048 per
920 2003 1043 2036 orbem
1070 2009 1265 2042 terrarum,
1289 2000 1361 2034 318
1386 2001 1499 2039 annis,
1529 2004 1568 2032 ut

117 2051 384 2084 multitudinem
408 2051 546 2082 scilicet
566 2049 712 2082 deorum
739 2061 881 2082 suorum
903 2055 939 2082 et
963 2048 1060 2082 idola
1089 2060 1164 2088 sua,
1192 2059 1342 2093 quorum
1363 2047 1476 2079 cultui
1502 2046 1569 2078 de·

117 2097 183 2130 diti
209 2103 320 2139 erant,
347 2103 554 2137 tuerentur3
577 2107 643 2129 nec
671 2096 783 2128 hilum
815 2095 1057 2141 profecerunt,
1081 2095 1144 2128 sed
1171 2096 1327 2127 eluctata
1355 2093 1440 2126 vicit
1466 2092 1567 2133 fides,

117 2145 153 2176 in
180 2143 275 2177 hunc
311 2154 423 2189 usque
461 2144 556 2176 diem
590 2154 812 2187 permanens.
879 2141 942 2175 sed
968 2148 1004 2175 et
1031 2142 1218 2181 dominus,
1244 2140 1389 2186 quando
1416 2141 1567 2179 venerit,

118 2192 271 2235 reperiet
294 2202 382 2224 eam.
441 2190 608 2235 quodnisi
646 2192 682 2223 in
719 2190 907 2222 voluntate
935 2189 994 2221 dei
1020 2189 1145 2222 suisset
1175 2188 1262 2221 haec
1294 2186 1380 2219 fides
1407 2185 1567 2225 fundata,

119 2237 225 2270 facile
254 2243 350 2276 tunc,
376 2238 475 2270 velut
499 2236 644 2277 nebula,
669 2236 841 2269 dissoluta
869 2236 1086 2270 evanuisset.
1118 2236 1187 2280 ipsi
1218 2234 1300 2267 huic
1325 2233 1472 2266 domiuo
1499 2242 1567 2265 no-

117 2290 190 2317 stro
216 2284 294 2317 lesu
320 2284 615 2333 Christoogloria.
665 2294 781 2316 amen.

383 2342 562 2374 Hactenus
589 2340 658 2373 deo
685 2342 831 2374 iuvante
857 2341 965 2373 etiam
993 2340 1197 2373 vicesimum
1225 2343 1343 2382 caput.

208 2397 303 2430 Haec
327 2403 410 2430 sunt
441 2408 533 2442 quae
558 2409 624 2431 nos
650 2398 695 2430 de
719 2398 891 2442 religione
916 2403 1036 2430 nostra
1064 2397 1249 2434 sentimus,
1276 2394 1430 2427 breviter
1458 2393 1565 2427 dicta.

207 2455 310 2488 Tunc
346 2455 531 2495 soltanus,
560 2454 656 2487 bisce
694 2466 737 2488 ex
773 2466 835 2488 ore
876 2453 1100 2500 patriarchae
1138 2452 1268 2485 auditis
1310 2452 1407 2485 etin
1434 2453 1566 2496 scripto

118 2502 224 2534 etiam
254 2502 422 2546 acceptis,
450 2513 662 2547 magnopere
687 2501 880 2534 admiratus
904 2507 957 2534 est
995 2501 1090 2532 illius
1116 2499 1314 2531 divinarum
1354 2509 1467 2531 rerum
1506 2510 1569 2531 co-

118 2548 314 2592 gnitionem
339 2554 376 2581 et
399 2549 634 2592 sapientia1n3
659 2554 846 2594 certusque
863 2549 907 2580 de
935 2547 1108 2590 religione
1134 2546 1334 2579 Christiana
1362 2545 1473 2578 factus
1501 2551 1568 2585 est,

117 2600 229 2627 totam
258 2605 333 2627 esse
358 2595 588 2634 verissimam,
616 2595 785 2638 mysteria
813 2595 888 2627 eius
917 2605 991 2626 non
1026 2592 1132 2625 modo
1173 2603 1253 2625 vera
1279 2591 1340 2625 sed
1366 2593 1471 2625 etiam
1501 2592 1568 2623 mi-

119 2640 238 2684 rifica3
262 2641 402 2675 nullum
428 2642 482 2675 his
509 2642 651 2675 subesse
681 2641 827 2683 dolum,
853 2640 915 2674 sed
950 2640 1107 2685 puritate
1143 2644 1178 2672 et
1205 2638 1397 2684 splendore
1426 2639 1568 2671 vincere
