1754 3016
675 121 943 164 potrum.
1483 108 1545 157 41

88 237 159 275 τερ
172 223 214 274 ,·”
243 221 269 275 ἢ
298 221 346 263 δὲ
371 217 468 275 ’ἔφη
505 219 703 270 ἰα’ξίωσιν
733 217 818 272 ἔχω
856 219 1034 271 ποιῆσαί
1058 231 1124 257 σοι
1154 216 1257 268 περί
1279 230 1391 263 τινος
1418 219 1542 256 καλο-

88 285 221 342 γήρου
251 286 377 339 ἐμοῦ,
405 282 519 333 ὅπως
536 285 730 342 κυρώσῃς
760 280 892 325 αὖτὸν
908 281 1188 336 πατριάρχην.
1244 281 1316 344 καί
1342 280 1421 322 δύο
1451 282 1547 321 δια-

88 352 335 407 φερομένων
361 348 383 392 ὅ
407 352 546 404 τρίτος
581 350 800 404 γενήσεται
842 350 1045 402 πρῶτος.”
1116 344 1224 400 ἇρας
1264 343 1341 389 οὖν
1373 346 1394 388 ὃ
1421 350 1545 399 βασι-

86 418 187 465 λεὺς
218 417 269 458 τά
303 417 473 472 φλωρία
498 414 582 470 ἔφη
609 416 877 468 “ευ’χαριστῶ
905 429 996 455 σοι·
1065 415 1189 466 ποίει,
1216 414 1364 466 μῆτερ,
1389 410 1414 453 ὃ
1441 411 1544 465 βού-

28 484 191 531 'stete’
243 484 318 523 καί
355 478 489 530 οὕτως
517 482 778 535 ἀνεβιβάσθη
814 481 875 529 εἰς
899 478 974 521 τὸν
1000 477 1310 531 πατριαρχικόν
1336 478 1492 532 θρόνον
1520 475 1602 517 ὅ23

86 546 230 600 κύριος
254 545 480 596 Διονύσιος
510 548 675 602 σ’ρισμῷ
710 549 787 588 τοῦ
825 547 1085 599 κρατοῦντος.
1155 541 1255 584 ὅθεν
1298 543 1320 584 ὅ
1351 549 1430 597 μὲν
1457 546 1546 584 Συ-

85 611 202 664 μεών
228 611 495 667 ἀνεχώρησεν
522 613 568 654 ἐν
594 614 645 669 τῇ
669 614 779 668 μονῇ
819 614 895 653 τοῦ
922 609 1199 664 Στενιμάχου,
1232 607 1255 650 o‘
1285 611 1330 651 δὲ
1365 610 1547 663 Μάρκος

87 675 215 729 ἔλαβε
258 675 333 731 τὴν
367 676 702 731 α’ρχιεπισκοπὴν
739 677 947 732 ’Λχρίδου
993 678 1066 717 κατ’
1096 674 1237 728 ὀλίγον
1267 672 1428 728 βιώσας
1456 677 1546 717 ἐτε-

84 742 299 796 λεύτησεν.

26 811 75 846 10
189 803 239 849 Ὀ
266 809 313 850 δὲ
340 805 486 860 κύριος
512 805 742 856 Διονύσιος
777 805 1123 861 πατριαρχειῖσας
1150 805 1224 861 ἔτη
1253 806 1360 847 ὀκτώ
1393 807 1544 859 ἐξῆλθε

83 874 160 926 τῆς
188 871 349 922 πόλεως
389 871 459 914 διὰ
512 874 652 914 αἰτίαν
694 872 884 914 τοιούτου
926 872 1179 917 σκανδάλου.
1236 866 1354 921 οὗτος
1384 868 1433 926 ἦν
1459 871 1544 913 α’πό

83 936 425 992 Πελοποννήσου,
457 934 545 980 εἶτα
572 941 617 980 ἐν
638 939 859 995 Βυζαντίῳ
879 937 1219 992 παραγενόμενος
1249 939 1412 992 ἐγένετο
1438 937 1544 978 ὑπο-

81 1002 275 1053 τακτικός
288 1002 474 1057 Μάρκου
487 1000 664 1059 Ἐφέσου
692 1006 770 1044 τοῦ
792 1005 1022 1055 ειῖγενικοῦ,
1047 997 1083 1061 ᾦ
1110 1005 1184 1045 καί
1211 1003 1446 1058 ἐπαιδεύθη
1465 1001 1545 1056 τήν

86 1068 319 1123 μοναδικην
338 1070 547 1110 πολιτείαν
562 1072 634 1111 καί
649 1067 814 1123 ἀρετήν.
831 1067 938 1120 μετὰ
966 1071 1013 1110 δὲ
1028 1069 1103 1123 τη“ν
1119 1067 1279 1111 ἅλωσιν
1296 1067 1447 1121 ἔλαβον
1464 1068 1543 1109 αιῖ-

27 1141 71 1175 15
83 1132 155 1176 τὸν
175 1135 455 1188 αἰχμάλωτον,
473 1137 547 1176 καί
564 1135 769 1188 ἠγόρασεν
789 1132 918 1175 αὐτὸν
932 1133 1187 1189 Χριστιανός
1210 1151 1272 1184 τις
1299 1137 1345 1176 ἐν
1372 1135 1543 1188 Ἀδρια-

82 1199 291 1242 νουπόλει.
309 1201 356 1241 ἐκ
371 1202 416 1241 δὲ
438 1203 512 1254 τῆς
538 1199 688 1255 ἀρετῆς
706 1202 854 1258 αιῖτοῦ,
878 1200 935 1249 ὥς
954 1202 999 1241 ἐν
1027 1201 1166 1257 ὀλίγῳ,
1192 1203 1331 1254 γέγονε
1366 1201 1436 1242 καί
1458 1217 1543 1254 μη-

80 1271 328 1320 τροπολι’της
344 1265 731 1318 Φιλιππουπόλεως,
754 1263 858 1320 εἶτα,
876 1266 935 1315 ὥς
953 1265 1131 1321 εἴρηται,
1160 1266 1234 1307 καί
1260 1265 1537 1320 πατριάρχης.

81 1329 231 1372 τούτου
250 1333 298 1373 δὲ
325 1332 444 1373 ἕνεκα
474 1330 544 1373 διά
563 1349 598 1373 τι
626 1331 861 1374 σκάνδαλόν
877 1348 986 1380 τινες
1011 1334 1259 1385 χαιρέκακοι
1278 1330 1539 1386 διεφήμισαν

82 1392 147 1438 ὅτι
174 1395 262 1438 ἔστι
297 1399 649 1452 περιτετμημένος
673 1398 787 1452 παρὰ
815 1401 897 1439 τῶν
923 1398 1196 1452 Ἰσμαηλιτῶν
1229 1392 1288 1439 ὧν
1317 1399 1539 1452 περιέσχον

22 1464 70 1500 20
82 1460 391 1504 αιῖτὸνδοῦλον.
421 1459 519 1504 ὅθεν
537 1465 722 1505 συνόδου
749 1465 1114 1518 συγκροτηθείσης,
1130 1461 1349 1517 παρόντων
1374 1465 1537 1503 πολλῶν

80 1528 155 1567 καί
179 1526 417 1569 ἐπισκόπων
448 1531 520 1570 καί
546 1532 860 1583 μητροπολιτῶν
892 1532 965 1570 καί
993 1528 1147 1577 παντὸς
1175 1530 1307 1570 εἰπεῖν
1332 1531 1408 1570 τοῦ
1435 1528 1538 1583 κλή-

80 1607 183 1647 ρου,
207 1593 494 1646 διεβεβαιοῦτο
522 1595 666 1644 αὐτοῖς
693 1591 756 1636 ὅτι
786 1598 1048 1651 συκοφαντία
1076 1597 1148 1636 καί
1174 1592 1275 1648 οὖχί
1300 1595 1482 1650 α’λήθεια
1510 1592 1537 1635 ὃ

0 211 17 274 31

0 277 18 330 ,ἓ

82 1790 223 1814 reorum
244 1781 290 1814 ad
318 1793 432 1826 regem
457 1782 560 1816 abiit.
611 1794 716 1828 quam
745 1794 817 1815 rem
841 1783 916 1828 ipse
941 1784 1167 1828 conspicatus
1185 1785 1305 1830 inquit
1329 1783 1441 1828 “quid
1466 1782 1534 1816 hoc

81 1831 147 1867 est,
175 1828 333 1862 maten-‘Y'
365 1829 446 1862 infit
479 1829 568 1862 haee
598 1832 731 1863 “affero
770 1830 983 1874 petitionem
1027 1831 1205 1875 quandam
1243 1830 1288 1864 ad
1314 1831 1534 1862 maiestatem

80 1877 200 1916 tuam3
225 1886 319 1920 quae
336 1881 389 1908 est
413 1882 451 1909 ut
476 1875 653 1921 quendam
680 1877 891 1909 monachum
920 1888 1035 1909 meum
1063 1878 1248 1910 confirmes
1276 1877 1534 1922 patriarcliam5

81 1925 132 1960 ut,
161 1920 244 1953 dum
270 1922 333 1954 alii
363 1922 436 1955 duo
449 1923 544 1955 inter
566 1934 604 1956 se
625 1923 854 1962 altercantur,
881 1925 1008 1956 tertius
1033 1924 1276 1957 interveniens
1305 1925 1436 1957 existat
1460 1924 1535 1968 pri-

78 1967 195 1999 mns.”
243 1979 304 2000 rex
329 1969 471 2002 sublato
497 1980 583 2002 auro
624 1970 743 2014 inquit
766 1969 833 2001 “ha
861 1969 920 2010 ha,
948 1981 1014 2014 ago
1050 1970 1116 2002 tibi
1142 1971 1281 2013 gratias,
1309 1982 1388 2003 mea
1413 1977 1535 2003 mater.

80 2012 135 2046 sac
158 2013 256 2058 quod
278 2015 363 2048 vis.'’
423 2016 473 2048 ita
505 2027 586 2059 ergo
618 2017 656 2048 in
682 2015 954 2061 patriarchicum
987 2016 1109 2055 sedem
1145 2023 1288 2051 evectus
1323 2017 1394 2050 fuit
1417 2016 1534 2049 bonus

79 2059 272 2102 Dionysius
297 2061 415 2094 edicto
442 2063 679 2107 imperatoris.
745 2068 829 2095 tunc
856 2064 1011 2106 Symeon
1042 2064 1187 2096 recessit
1210 2064 1247 2096 in
1276 2065 1534 2096 monasterium

79 2106 320 2148 Stenimachi,
350 2108 489 2141 Marcus
527 2120 611 2141 vero
645 2109 846 2142 Achridano
879 2109 1187 2156 archiepiscopatu
1223 2111 1361 2155 potitus
1392 2116 1471 2151 est3
1494 2110 1533 2143 in

79 2163 152 2198 quo
177 2153 280 2193 obiit,
305 2159 386 2199 post
409 2155 607 2200 aliquanto,
634 2155 729 2188 diem
755 2167 870 2188 suum.

173 2210 363 2253 Dionysius
388 2213 491 2245 annis
520 2219 600 2246 octo
626 2214 663 2246 in
691 2224 838 2246 munere
867 2213 1103 2257 patriarchico
1130 2214 1264 2246 exactis
1290 2212 1379 2245 urbe
1406 2223 1531 2245 exces-

77 2256 137 2296 sit,
160 2257 362 2291 interventu
390 2255 473 2291 talis
500 2260 730 2300 offensionis,
755 2271 846 2304 quae
876 2261 1050 2304 sequitur.
1078 2265 1154 2293 erat
1180 2261 1209 2292 is
1236 2270 1255 2291 e
1282 2259 1529 2303 Peloponneso

78 2303 264 2336 oriundus.
327 2304 411 2336 inde
438 2305 644 2348 Byzantium
685 2307 868 2352 profectus
899 2318 937 2339 se
969 2307 1171 2339 ministrum
1212 2305 1374 2338 subdidit
1407 2306 1528 2338 Marco

79 2349 257 2393 Eugenico
274 2377 283 2391 ,
307 2351 439 2395 Ephesi
478 2353 651 2394 antistiti;
698 2364 717 2386 a
743 2365 814 2398 quo
840 2353 947 2386 etiam
974 2352 1018 2385 ad
1044 2352 1276 2385 monasticam
1301 2350 1528 2396 disciplinam

77 2396 318 2442 virtutemque
358 2399 568 2431 informatus
605 2405 668 2432 est.
737 2400 823 2432 urbe
860 2406 1061 2445 expugnata
1098 2405 1221 2443 captus
1255 2398 1348 2439 fuit;
1371 2409 1528 2443 eumque

77 2441 301 2476 Christianus
326 2445 500 2489 quispiam
529 2445 760 2491 Adrianopoti
791 2448 887 2478 emit.
947 2445 1099 2478 eminuit
1127 2451 1211 2478 tunc
1235 2445 1285 2477 ita
1310 2446 1421 2478 virtus
1449 2446 1527 2477 eius

77 2494 118 2521 ut
146 2489 244 2522 brevi
282 2491 469 2523 admodum
504 2497 663 2536 tempore
702 2493 929 2536 metropolita
969 2491 1262 2535 Philippopoleos
1307 2490 1423 2524 factus
1460 2493 1526 2531 sit3

77 2545 150 2579 qno
176 2535 285 2579 gradu
314 2538 349 2569 in
379 2537 567 2570 sublimem
596 2538 852 2583 patriarchicae
877 2538 1195 2570 administrationis
1221 2537 1445 2582 dignitatem,
1475 2538 1526 2570 uti

79 2580 258 2622 diximus,
298 2584 472 2616 ascendit.
532 2586 625 2626 iam,
662 2587 746 2630 quia
773 2585 997 2618 venundatus
1028 2586 1161 2622 suerat,
1196 2586 1339 2629 quidam
1366 2584 1527 2617 homines

77 2629 222 2672 maligni
248 2630 279 2661 ei
308 2631 437 2664 malum
456 2637 645 2669 struentes,
675 2632 739 2664 hac
758 2643 862 2664 causa
890 2638 1028 2674 arrepta
1055 2632 1158 2674 vulgo
1176 2631 1385 2664 dictitarunt
1412 2631 1525 2674 ipsum

79 2673 125 2708 ab
151 2676 363 2718 lsmaelitis,
400 2689 418 2710 a
444 2678 574 2723 quibus
599 2684 722 2724 captus
746 2684 782 2711 et
821 2689 886 2723 pro
916 2689 1016 2711 servo
1042 2678 1206 2711 venditus
1231 2683 1319 2718 erat,
1343 2677 1527 2711 circumci-
