1754 3016
680 102 949 146 PoLmCA.
1479 85 1538 131 61

187 202 323 246 *Karai
354 204 406 245 δὲ.
425 201 473 243 τὸ
506 200 591 261 ,ζιζ
619 199 734 249 ἔτος
756 202 915 254 ἐγένετο
945 196 1117 250 σεισμὸς
1142 198 1273 250 μέγας
1301 195 1374 237 καί
1399 194 1546 237 ἔπεσον

88 269 220 312 πολλὰ
252 272 298 310 ἐκ
326 270 408 310 τῶν
435 270 589 320 τειχῶν
634 269 706 320 τῆς
746 266 905 314 πόλεως
947 266 1020 305 καί
1047 265 1143 304 ναοί
1181 265 1264 303 τῶν
1290 278 1334 304 τε
1366 263 1544 316 Ἀγιιρη-

89 338 172 379 νῶν
201 337 275 376 καί
304 336 348 375 ἐκ
367 336 449 376 ταῖν
473 333 684 387 ἡμετέρων
706 331 778 373 καὶ
799 329 1004 384 οἰκήματα
1023 329 1170 379 πολλά,
1198 328 1270 369 καί
1297 330 1444 368 πολλοὶ
1474 343 1548 369 κα-

90 398 422 454 τεηλακιόθησαν
450 401 522 439 καί
555 399 768 440 ἀπέθανον
797 398 947 450 α’ώρως
974 398 1048 436 καί
1074 395 1250 443 ἀθλίως.

56 475 79 509 5
204 468 312 509 Κατ’
352 464 533 512 ἐκείνους
579 466 624 505 δὲ
665 463 763 512 τούς
805 460 984 515 χρόνους
1023 457 1128 514 ἦλθέ
1167 477 1228 508 τις
1269 461 1314 500 ἐκ
1357 460 1550 512 Περσίας

91 532 267 583 ὀνόματι
295 530 612 583 Σαχ-Κοόλης,
653 531 802 576 δοῦλος
829 529 907 568 τοῦ
934 526 1027 579 Σάχ
1052 522 1252 578 Ἰσμαὴλ,
1283 529 1376 575 μετ’
1423 522 1550 578 ὀργῆς

91 597 295 652 μεγάλης,
327 599 469 651 φέρων
496 596 594 646 μεθ’
626 594 758 635 αὑτοῦ
805 595 877 634 καί
910 590 1012 632 λαόν
1045 591 1176 631 πολύν
1209 589 1289 631 α’πό
1322 606 1366 630 τε
1402 594 1550 643 Καρα-

90 665 246 717 μανιάς
272 664 345 703 καί
369 663 413 702 ἐκ
446 664 525 703 τῶν
554 659 834 713 Βαρσακι’δων
878 656 951 698 καὶ
983 655 1383 710 Τουρκατηρλίδων·
1445 651 1550 709 ἦλθε

92 733 139 772 δὲ
166 731 296 783 ’μέχρι
327 729 558 769 Κοτυαίου.
629 726 795 778 ὑπῆρχε
837 726 883 765 δὲ
911 721 955 764 τό
986 725 1145 776 πλῆθος
1169 725 1317 776 εμέχρι
1345 721 1552 775 χιλιάδων

38 794 235 838 Ῑθεῖκοσι.
291 791 446 834 τούτου
479 793 525 832 δὲ
553 793 672 832 ἕνεκα
705 791 879 843 ἐξῆλθεν
908 787 929 828 ὁ
957 790 1266 841 μπεγλέρμπεϊς
1294 786 1551 841 Καρακιός-

90 861 280 912 μπασιᾶς
309 859 355 898 ἐκ
382 858 465 897 τῶν
493 858 633 908 μερῶν
659 855 825 896 ἐκείνων
854 855 928 894 καί
953 854 1136 906 α’ντέστη.
1211 850 1375 904 ἔπεμψε
1403 854 1450 892 δὲ
1477 852 1552 892 καί

93 925 114 968 ὃ
142 926 364 971 σουλτᾶνος
393 921 467 963 τόν
490 915 775 973 Ἀλιμπασιᾶν
791 919 897 970 μετὰ
914 918 1253 972 στρατευμάτων,
1281 918 1545 972 γενιτζάρων,

94 990 312 1043 σπαχίδων
340 990 412 1042 καί
451 988 589 1038 πεζῶν
616 983 794 1036 τοξότων
835 987 908 1026 καί
935 981 1086 1025 ἄλλων.
1154 982 1282 1032 αὐτὸς
1311 987 1370 1036 δέ,
1397 987 1547 1037 καίπερ

93 1055 208 1100 τόσοι
232 1051 635 1108 ἅντεστρατεύσαντο
656 1082 670 1102 ,
718 1053 795 1091 οὐκ
823 1049 1054 1092 ἐδειλιάσεν
1072 1083 1084 1102 ,
1125 1051 1216 1092 ἀλλ’
1258 1049 1393 1102 ἔμεινε
1417 1053 1550 1104 χωρίς

43 1135 85 1169 15
97 1122 234 1179 φόβου
261 1121 369 1168 τινὸς
396 1116 599 1172 ἁρπάζων
627 1116 699 1158 καί
726 1118 946 1171 α’φανιζων
975 1115 1025 1157 τὰ
1046 1113 1168 1169 ἐγγυς
1186 1118 1259 1157 καί
1282 1115 1441 1169 πόρρω.
1469 1133 1552 1156 πα-

97 1185 367 1243 ραγενόμενος
406 1185 452 1225 δὲ
491 1180 512 1224 ὅ
560 1186 716 1231 πασιᾶς
761 1182 835 1222 οὔκ
864 1183 1026 1229 εὐθέως
1060 1182 1340 1236 συνεκρότησε
1373 1184 1551 1234 πόλεμον

96 1257 187 1307 μετ’
218 1252 365 1302 αὐτοῦ,
393 1248 500 1291 ἀλλὰ
530 1248 920 1302 μετακαλεσάμενος
943 1247 1042 1296 τοῦς
1071 1247 1263 1302 πρώτους
1296 1252 1379 1290 τῶν
1401 1252 1553 1302 Καρα-

97 1318 243 1371 μιένων
270 1317 412 1358 ἐδίδου
448 1317 589 1362 αὐτοῖς
629 1312 790 1367 δωρεάς
829 1316 901 1355 καί
937 1311 1084 1365 ἱμάτια
1111 1316 1270 1367 χρυσᾶ,
1300 1312 1413 1364 ὅπως
1443 1333 1553 1368 συμ-

98 1383 367 1437 βοηθήοωσιν
409 1382 527 1437 av'ug'l
568 1377 595 1434 ἢ
643 1381 932 1422 δολιευσονται
961 1377 1130 1435 αὕτῷῆ
1167 1380 1375 1421 πιάσωσιν
1410 1382 1615 1423 αὐτόν.δὸ

43 1445 220 1500 ροεῖπον
255 1443 332 1489 οὖν
365 1449 513 1488 ἐκεῖνοι
555 1443 617 1487 ὅτι
664 1443 684 1487 ὅ
712 1447 1007 1499 Σαχ-Κουλῆς
1045 1444 1135 1498 ἔχει
1173 1446 1336 1500 θάρρος
1362 1448 1420 1495 εἰς
1449 1446 1559 1501 ἡμᾶς

101 1511 215 1563 ὅπως
242 1510 520 1568 βοηθήσωμεν
550 1514 661 1567 αὐτῷ
699 1510 742 1553 ἐν
770 1513 828 1568 τῷ
856 1514 1038 1569 πολέμῳ.
1108 1512 1228 1566 ἡμεῖς
1257 1514 1303 1554 δὲ
1331 1512 1561 1566 ποιήσομεν

101 1581 437 1634 παντοιοτρόπως
464 1580 532 1620 ἳνα
559 1577 836 1631 συλλάβωμεν
863 1577 993 1619 αὐτὸν
1023 1579 1175 1633 ζῶντα,
1204 1580 1245 1620 εἰ
1269 1577 1458 1631 δυνατόν,
1489 1581 1562 1620 καί

197 1763 299 1796 Anno
322 1761 411 1795 7017
438 1766 552 1794 terrae
578 1765 676 1794 motu
703 1758 882 1792 horrendo
911 1770 1081 1792 concussa
1110 1759 1180 1792 suit
1208 1760 1315 1802 ιιι-ὕες
1340 1771 1413 1805 quo
1442 1761 1660 1801 colla-1508

104 1820 190 1855 psae
218 1813 302 1842 sunt
323 1809 459 1840 multae
488 1814 606 1852 partes
634 1807 817 1839 moenium
837 1832 845 1847 ‚
872 1811 948 1839 tum
972 1807 1128 1851 templa,
1162 1818 1233 1839 non
1262 1812 1334 1840 tam
1363 1809 1556 1849 Agarenica

106 1867 212 1902 quam
238 1856 346 1888 etiam
373 1855 557 1894 nostratia,
596 1854 832 1898 aedificiaque
859 1854 1066 1898 complura,
1094 1864 1289 1898 eorumque
1315 1854 1424 1886 ruinis
1451 1855 1555 1887 multi

106 1902 274 1936 mortales
298 1907 381 1935 ante
408 1906 549 1946 tempus
575 1900 827 1933 miserabiliter
851 1900 1027 1945 oppressi.

200 1959 309 1992 Venit
334 1959 397 1991 illa
429 1963 642 2004 tempestate
670 1958 813 2003 quidam
848 1969 867 1990 e
897 1958 1013 1990 Persia
1039 1958 1184 1990 nomine
1210 1957 1412 1995 Sachcules.
1437 1970 1556 1991 servus

108 2006 200 2040 Sach
225 2006 400 2046 Ismaelis‚
426 2005 597 2038 iracundo
623 2016 658 2037 se
686 2005 842 2037 inferens
867 2004 1026 2048 impetu,
1051 2004 1231 2036 adducens
1257 2015 1421 2047 magnum
1446 2017 1464 2037 e
1490 2005 1557 2038 Ca-

107 2053 258 2087 tamanis
286 2053 488 2086 Caramanis
512 2051 704 2084 Barsazidis
741 2056 777 2084 et
801 2051 1042 2094 'rurcatylidis
1084 2053 1276 2083 exercitum
1293 2076 1302 2090 ‚
1337 2063 1484 2083 numero
1511 2051 1556 2084 ad

110 2100 263 2133 ducenta
288 2098 471 2132 hominum
497 2099 618 2139 milia;
646 2103 683 2130 et
709 2097 754 2130 ad
780 2097 956 2131 Cotiaium
985 2108 1098 2142 usque
1127 2109 1333 2142 progressus
1361 2103 1423 2130 est.
1475 2097 1557 2130 huic

108 2145 426 2185 bassa'caracius,
464 2145 655 2178 bellerbeii
685 2143 791 2187 gradu
818 2149 982 2183 ornatus,
1021 2144 1159 2176 obviam
1198 2145 1261 2176 ivit
1283 2150 1392 2188 atque
1421 2145 1494 2176 illis
1520 2146 1556 2177 in

110 2194 198 2226 locis
222 2204 259 2226 se
285 2192 465 2236 opposuit.
513 2191 575 2224 sed
602 2197 638 2224 et
665 2191 760 2223 Halli
782 2190 918 2223 bassam
949 2190 1111 2223 soltanus
1139 2202 1215 2223 cnm
1240 2192 1352 2234 copiis
1381 2191 1555 2223 ianizaro-

111 2252 200 2279 rum,
227 2238 455 2285 Spachorum‚
479 2238 741 2281 sagittariorum
771 2237 934 2282 peditum
963 2242 999 2269 et
1025 2238 1174 2269 aliorum
1199 2238 1365 2276 militum,
1392 2237 1554 2270 subsidio

112 2287 241 2319 emisit.
293 2286 355 2318 ille
383 2296 491 2323 vero,
520 2285 607 2317 licet
630 2290 748 2317 tantos
774 2284 950 2316 exercitus
976 2284 1044 2316 sibi
1072 2285 1259 2328 oppositos
1283 2283 1444 2323 videret,
1470 2285 1555 2316 nul-

113 2334 184 2366 lum
211 2334 372 2366 timorem
408 2342 493 2375 prae
518 2342 555 2364 se
582 2332 688 2370 tulit,
719 2330 782 2363 sed
823 2330 1017 2363 confidenti
1043 2331 1162 2362 animo
1188 2329 1379 2368 manebat,
1407 2331 1556 2374 praedas

112 2391 219 2423 agens
244 2385 280 2412 et
306 2379 483 2423 populans
515 2383 585 2410 tam
610 2378 815 2422 propinqua
843 2388 949 2422 quam
974 2378 1180 2420 longinqua.
1230 2388 1302 2422 quo
1331 2388 1409 2408 cum
1438 2389 1557 2410 acces-

112 2429 214 2460 sisset
239 2425 354 2464 bassa,
377 2436 450 2458 non
475 2425 646 2457 continuo
671 2436 750 2456 cum
773 2424 838 2456 illo
865 2425 939 2456 acie
977 2422 1239 2455 decernendum
1266 2422 1380 2463 (luxit,
1409 2423 1469 2456 sed
1495 2436 1556 2456 ac-

112 2473 192 2506 citis
236 2472 342 2505 adse
382 2471 596 2515 primoribus
632 2470 904 2503 Caramanorum
947 2480 1091 2502 munera
1122 2469 1295 2502 offerebat
1330 2476 1366 2502 et
1390 2472 1557 2504 vestitum

112 2531 279 2557 aureum,
321 2518 470 2563 cupiens
510 2528 570 2549 eos
617 2517 652 2550 in
687 2518 889 2550 societatem
926 2528 1022 2548 suam
1061 2515 1259 2559 pellicere,
1304 2523 1365 2549 aut
1408 2528 1558 2562 persua-

113 2567 195 2599 dere
222 2571 261 2598 ut
296 2565 380 2597 dolo
405 2563 697 2597 circumvenirent
723 2563 859 2596 hostem
899 2567 962 2594 aut
989 2567 1128 2604 captum
1155 2562 1223 2594 sibi
1258 2563 1450 2596 traderent.
1502 2576 1557 2596 re-

112 2612 333 2656 sponderunt
367 2611 421 2644 illi
458 2610 650 2655 “equidem
673 2609 823 2642 confidit
846 2609 951 2641 nobis
974 2607 1186 2650 Sachcnle83
1212 2620 1278 2641 nec
1302 2610 1442 2643 dubitat
1469 2612 1556 2654 quin

113 2660 146 2692 ei
176 2659 308 2691 auxilio
336 2658 372 2690 in
398 2668 517 2702 pugna
542 2658 651 2690 futuri
677 2657 795 2690 simus.
846 2654 937 2689 nihil
967 2666 1048 2699 ergo
1074 2654 1287 2689 intentatum
1315 2657 1556 2702 relinquemus
