1754 3016
551 126 928 173 FRAGMENTUM
967 116 1023 168 11.
1415 118 1512 166 233

52 242 204 286 τεῧθεν
235 238 343 296 πρὸς
385 236 458 288 τὰς
488 237 684 285 αἰωνίους
724 232 869 288 μονάς.
925 231 1019 275 τότε
1048 230 1198 283 Ἰζαοῦ
1238 227 1258 271 6
1292 228 1512 284 δεσπότης,

58 309 325 366 φιλόχριστος
353 323 426 359 ων,
457 301 532 347 onix
574 302 885 358 ἐπηκολούθησε
913 299 963 343 τὰ
992 297 1265 352 βουλεύματα
1294 297 1376 340 τῶν
1404 298 1515 351 Σέρ-

52 381 171 432 βων,
215 375 359 425 καθως
390 373 511 416 αὐτοι
539 370 769 426 ἠνάγκαζον
801 367 950 420 αὐτόν,
1001 383 1113 416 οπως
1150 366 1255 423 ἐάσῃ
1297 364 1440 414 αυτοῖς
1463 362 1514 406 τὰ

52 445 127 499 τῆς
158 441 377 497 ἐκκλησίας
404 438 590 495 κτήματα
619 454 688 479 και
719 436 992 491 ὑπάρχοντα,
1034 435 1126 476 ἄλλ’
1161 434 1221 483 εἷς
1251 430 1416 474 ἔννοιαν
1443 432 1518 473 καί

12 509 204 563 5σκέψιν
229 508 367 551 ἐλθών
394 508 606 558 ἐξελέξατο
634 498 771 558 ἄνδρα
799 507 937 556 τίμιον
966 518 1034 543 και
1067 501 1255 554 εὐλαβῆ,
1285 496 1517 554 ευάρεστον

52 578 140 632 θεῷ
166 575 240 618 καὶ
268 575 538 656 ἀνθρώποις,
582 570 656 613 τὸν
684 570 760 611 τοῦ
799 569 1136 622 α’ρχιμανδρειόυ
1166 564 1394 621 ἧγουμενοιν
1426 567 1467 608 Γ
1465 581 1517 606 α-

52 642 192 697 βριὴλ,
224 657 271 692 ος
298 643 370 684 καί
394 642 467 684 τοῦ
496 638 798 694 ἀρχιερατικοῦ
826 635 981 690 θρόνου
1010 650 1187 689 υστερον
1217 631 1361 689 ἐπέβη.
1418 635 1516 676 τοῦ-

50 724 122 750 τον
152 710 198 750 ἐκ
225 705 527 763 παρακλήσεως
553 706 725 759 πολλῆς
738 705 814 744 τοῦ
849 700 1109 743 δεσποτὰτου
1139 699 1212 742 καί
1238 702 1320 742 τῶν
1346 702 1421 754 τῆς
1450 701 1517 741 ἑκ-

52 774 224 831 κλησίας
274 771 489 829 α’ρχόντων
531 774 796 827 προσέφερον
839 770 889 826 τῇ
934 765 1146 825 ἁγιωτάτῃ
1194 768 1416 826 ἐκκλησία,
1463 767 1517 822 τῇ

0 841 197 900 ίῡπριότῃ
226 843 302 884 τοῦ
328 839 600 895 Ἰαινουαρίου
628 837 772 893 μηνός,
801 837 872 878 καί
901 834 1156 891 ὖποψήφιον
1186 831 1316 876 αὐτὸν
1346 833 1516 887 ω’νόμα-

55 924 133 951 σαν
159 908 232 950 καί
257 909 471 963 ἐτίμησαν.

0 965 1 968 ¹
190 976 257 1033 Τῷ
287 974 404 1032 αὐτῷ
433 972 514 1016 ἔτει
546 972 703 1028 ὗπῆγεν
730 971 752 1012 6
778 969 975 1026 δεσπότης
1003 971 1062 1019 εἷς
1088 969 1160 1011 τὸν
1186 969 1364 1025 α’μηριῖν.
1424 966 1518 1010 τότε

0 1041 2 1055 ³
52 1044 126 1086 καί
154 1039 307 1097 βροντή
344 1043 483 1096 γέγονε
528 1039 689 1095 μεγάλη
728 1037 799 1080 ε’πί
834 1040 908 1079 τοῦ
936 1038 1234 1090 καμπαναριόυ
1283 1037 1359 1078 ποῦ’
1387 1051 1517 1088 μονα-

0 1127 1 1173 3
53 1110 246 1165 στηρίου,
277 1125 347 1150 και
378 1108 521 1162 Ψυχαὶ
560 1108 862 1159 δεκατέσσαρες
907 1101 1235 1159 ἐβροντήθησαν.
1292 1101 1442 1157 ἔστησε
1471 1103 1517 1145 δὲ

0 1175 129 1232 ἰ5τῆν
158 1177 405 1228 ἐκκλησίαν,
435 1172 524 1229 ἥτις
560 1190 610 1228 ην
641 1171 793 1227 ἔρημος
822 1171 942 1224 τότε,
974 1170 996 1212 6
1026 1167 1285 1226 ὖποψήφιος,
1319 1170 1389 1210 καί
1418 1167 1518 1216 τούς

0 1282 1 1288 ,
53 1239 418 1297 ἒκκλησιαστικούς
447 1239 553 1295 πρὸς
579 1238 761 1282 ἑαυτὸν
776 1240 1072 1280 συνέστειλεν·
1138 1237 1338 1290 ἕποι’μανε
1366 1237 1412 1277 δὲ
1440 1235 1518 1289 τὴν

0 1340 1 1364 3
52 1309 275 1364 ἐκκλησίαν
313 1310 449 1357 καλῶς
482 1310 554 1349 καί
594 1309 807 1362 θεοφιλως
837 1305 1017 1360 χρόνους
1049 1303 1154 1357 δύο,
1198 1306 1273 1346 καί
1300 1305 1360 1353 εἰς
1387 1301 1517 1356 τιμήν

0 1365 1 1383 ³
53 1376 125 1417 καί
161 1373 320 1429 βουλὴν
353 1372 426 1415 καὶ
462 1373 648 1429 μεγάλην
689 1371 853 1428 α’γάπην
895 1371 934 1413 οἱ
971 1371 1175 1414 αὐθένται
1216 1370 1347 1413 αὖτόν
1386 1367 1515 1424 εἶχον.

52 1444 98 1483 ἐν
123 1439 206 1483 ἔτει
235 1443 283 1483 δὲ
308 1441 446 1492 6895,
481 1442 709 1482 ἰνδικτιῶνι
740 1437 792 1492 α’,
822 1437 904 1480 α’πὸ
940 1440 986 1480 δὲ
1014 1440 1209 1493 Χριστοῦ
1240 1439 1372 1491 1388,
1401 1438 1518 1495 κοινῇ

0 1507 219 1552 tondum»
254 1510 388 1565 βουλῇ
426 1510 642 1550 στέλλεται
672 1502 792 1555 οὗτος
838 1504 857 1546 6
890 1505 1120 1561 ὖποψήφος
1154 1507 1213 1555 εἷς
1243 1509 1519 1548 Κωνσταντι-

53 1572 262 1626 νοιῖπολιν,
290 1573 421 1630 μηνὸς
446 1574 699 1629 Ἀπριλλίου
717 1575 781 1629 23,
811 1572 974 1615 κάκεῖσε
1001 1574 1169 1628 ἐποίησε
1196 1575 1330 1628 μῆνας
1355 1571 1515 1614 ἕνδεκα.

54 1643 244 1684 ἐνταῦθα
291 1642 337 1683 δὲ
376 1642 546 1695 εἰσῆλθε
591 1638 662 1682 τὸν
693 1638 920 1695 ἐρχόμενον
962 1640 1146 1696 χρόνον,
1187 1638 1289 1695 μηνί
1315 1640 1514 1698 Μαρτίῳ,

55 1710 234 1766 κυριακῇ
262 1708 377 1765 τρίτη
407 1710 487 1751 τῶν
516 1710 729 1764 νηστειῶν.

53 1909 231 1953 dominus,
258 1907 390 1943 Christi
424 1919 564 1950 amans,
590 1909 816 1942 voluntatem
844 1908 1035 1943 Serborum
1072 1921 1146 1944 non
1174 1914 1229 1944 est
1253 1914 1408 1951 secutus,
1432 1922 1512 1944 cum

51 1957 109 1990 illi
134 1957 179 1990 ab
209 1967 251 1990 eo
277 1962 463 2002 peterent,
498 1963 538 1990 nt
561 1956 629 1989 sibi
665 1956 759 1988 bona
788 1961 823 1989 et
855 1959 1100 2002 possessiones
1126 1958 1297 1991 ecclesiae
1323 1959 1514 2002 permitte-

53 2009 120 2045 ret,
143 2003 207 2038 sed
235 2005 455 2048 cogitatione
483 2009 518 2036 et
544 2003 807 2036 deliberatione
834 2004 1012 2046 instituta,
1039 2006 1150 2049 elegit
1164 2005 1274 2037 virum
1302 2004 1450 2048 dignum
1477 2011 1513 2039 et

52 2057 205 2092 cautum,
231 2057 368 2096 gratum
396 2051 463 2084 deo
489 2056 524 2084 et
544 2051 762 2090 hominibus,
789 2051 1049 2085 Archimandrii
1078 2052 1278 2095 praesidem
1296 2053 1512 2093 Gabrielem,

52 2099 115 2144 qui
141 2099 301 2145 episcopi
330 2099 459 2132 solium
487 2104 612 2144 postea
642 2097 811 2131 ascendit.
839 2098 935 2132 hunc
962 2100 1070 2143 igitur
1098 2105 1243 2144 propter
1269 2099 1512 2133 hortationem

50 2146 200 2179 multam
226 2146 407 2191 despotati
443 2151 479 2178 et
515 2145 717 2190 praesidum
756 2146 926 2178 ecclesiae
960 2146 1005 2179 ad
1044 2147 1229 2179 ecclesiam
1255 2147 1512 2180 sanctissimam

52 2192 294 2233 adduxerunt,
337 2194 451 2238 primo
478 2193 536 2226 die
566 2194 699 2226 mensis
724 2192 906 2235 Ianuarii,
936 2199 971 2227 et
997 2194 1087 2227 clam
1117 2199 1273 2226 creatum
1300 2205 1381 2226 eum
1405 2206 1513 2227 voca·

53 2246 137 2274 runt
162 2240 472 2286 honoraruntque.

182 2298 314 2332 Eodem
339 2310 437 2332 anno
458 2305 627 2342 tyrannus
642 2297 686 2331 ad
706 2310 858 2333 ameram
878 2301 915 2345 (i.
935 2310 966 2335 e.
990 2299 1163 2340 nobilem,
1181 2299 1380 2340 sultanum,
1406 2300 1514 2346 Emir)

52 2358 89 2380 se
115 2346 279 2380 contulit.
328 2351 404 2380 tum
434 2347 542 2379 etiam
569 2345 703 2380 fulmen
729 2348 768 2380 in
793 2348 913 2381 turrim
940 2347 1199 2391 campanariam
1223 2347 1429 2380 monasterii
1455 2349 1515 2383 in·

51 2393 149 2434 cidit,
176 2399 212 2426 et
236 2393 507 2438 quatuordecim
537 2392 700 2427 homines
734 2395 795 2428 icti
834 2400 917 2428 sunt
942 2394 1103 2427 fulmine
1166 2395 1368 2438 composuit
1393 2401 1512 2430 autem

52 2441 261 2480 ecclesiam,
292 2451 385 2485 quae
410 2445 487 2474 tum
514 2446 590 2474 erat
617 2440 779 2482 deserta,
805 2443 895 2475 clam
923 2447 1084 2482 creatus,
1114 2446 1150 2474 et
1175 2442 1437 2476 ecclesiasticos
1467 2443 1512 2477 ad

51 2499 88 2520 se
114 2488 249 2531 coegit3
275 2487 538 2521 administravit
563 2493 681 2522 autem
707 2489 800 2522 bene
828 2495 864 2522 et
896 2490 955 2533 pie
982 2489 1167 2520 ecclesiam
1194 2499 1259 2533 per
1284 2489 1373 2522 duos
1398 2501 1511 2524 annos

51 2540 87 2568 et
115 2536 152 2567 in
189 2535 326 2567 honore
366 2541 403 2568 et
440 2535 591 2568 consilio
620 2541 655 2569 et
679 2546 806 2580 magno
848 2546 968 2568 amore
998 2535 1177 2580 principes
1205 2547 1285 2568 eum
1315 2536 1511 2572 habebant.

51 2593 146 2615 auno
170 2581 275 2620 6895,
304 2581 509 2615 indictionis
536 2583 660 2627 primo,
688 2595 722 2628 p.
745 2583 826 2616 Chr.
846 2595 880 2616 n.
902 2581 1002 2622 1388,
1029 2583 1208 2616 communi
1237 2585 1395 2617 omnium
1422 2596 1508 2618 con-

51 2629 133 2661 silio
159 2628 216 2660 hic
241 2630 332 2662 clam
358 2636 495 2662 creatus
512 2630 862 2676 Constantinopolim
886 2641 924 2662 se
950 2630 1101 2669 confert,
1132 2631 1261 2663 mensis
1289 2632 1420 2676 Aprilis
1450 2632 1509 2665 die

51 2675 108 2715 23,
134 2674 256 2722 ibique
281 2687 419 2710 menses
446 2677 609 2710 undecim
635 2685 793 2711 moratus
823 2682 886 2710 est
925 2683 996 2710 tum
1026 2688 1118 2709 anuo
1146 2683 1319 2723 sequente
1347 2689 1508 2713 reversus

53 2727 118 2764 est,
143 2733 263 2758 mense
287 2724 417 2758 Martio
443 2725 548 2759 tertia
573 2724 748 2760 dominica
774 2736 949 2759 sacrorum
986 2724 1349 2770 quadragesimorum.
