1754 3016
1428 59 1446 77 6

696 92 981 142 'ROLITICA.
1104 87 1113 93 ”
1478 88 1542 135 25

86 199 270 260 φύλαξιν
299 204 394 256 (τοῦ
426 201 608 258 φυλάξαι
637 200 718 254 γάρ
749 197 920 253 τάγαθὰ
943 198 1018 239 τοῦ
1042 193 1279 250 κτήσασθαι
1302 190 1545 247 χαλεπώτε-

84 285 159 324 ρον
199 267 446 325 ἑφαντοίσθη
486 269 655 322 καλῶς)
698 262 911 319 ἐπορεύθη
964 264 1009 305 ἐν
1049 260 1391 316 Ἀδριανουπόλει
1438 257 1544 311 μετὰ

81 337 223 390 χαρᾶς
247 335 322 376 καί
346 331 467 387 δόξης
495 334 661 387 πολλῆς.

189 396 448 452 Ἀνθρώπων
479 400 526 439 δὲ
547 397 682 452 χωρίς
709 397 782 438 καί
799 395 944 437 αόίκου
975 396 1108 436 εἰπεῖν
1133 391 1339 446 μεινάσης
1366 391 1442 444 τῆς
1464 387 1547 432 πό-

48 470 187 514 5λεως
219 463 461 517 ἑπρόσταξε,
487 463 560 505 καί
586 461 740 518 ἔφερον
767 460 1047 515 συργούνιδας
1075 460 1321 512 λεγομένους
1342 452 1434 510 ἤτοι
1461 471 1544 507 με-

81 534 243 580 τοίκους
274 529 303 585 ἢ
330 532 557 584 παροίκους
586 525 668 570 α’πὸ
701 530 899 582 Μηδείας
926 529 999 579 τῆς
1028 523 1134 578 πρὸς
1177 522 1245 566 τὸν
1278 522 1445 565 Πόντον
1474 525 1548 565 καί

79 598 165 638 τῶν
192 594 363 650 χωρίων
403 595 549 650 αὐτῆς,
586 591 927 647 Ἀγαθοπόλεως,
966 592 1256 645 Μεσημβρίας
1281 587 1355 630 καί
1386 586 1468 629 α’πό
1498 603 1543 629 τε

79 661 321 716 Σηλυβριῇις
343 658 596 715 “Ηρακλειἀς
614 656 824 701 Πανάδου
854 656 1116 711 Όρεστιάδος
1145 654 1220 696 καί
1245 649 1383 696 ἄλλων
1406 655 1543 695 τόπων

80 729 264 769 πολλῶν·
331 729 403 768 καί
448 722 614 783 ᾤκησαν
653 724 731 779 τήν
759 725 910 776 πόλιν,
941 722 1085 771 δόντες
1116 721 1262 770 αὐτοῖς
1290 718 1364 761 καί
1391 717 1542 771 οἴκους,

24 803 68 837 10
81 790 238 850 ἑκάστῳ
269 791 376 833 κατὰ
410 790 487 846 την
514 792 663 844 α’ξίαν,
708 790 782 832 καί
816 786 1103 845 δωρησάμενοι
1152 786 1226 828 καί
1261 783 1413 834 τόπους
1442 788 1542 826 πολ-

80 859 194 912 amic,
223 859 298 900 καί
335 860 677 912 ἰδιοποιήσαντες.
749 855 967 910 ἠγόρασαν
1006 856 1052 895 δὲ
1089 856 1163 895 καί
1207 852 1338 894 πολλὰ
1382 852 1541 892 πολλοῦ

80 919 178 974 ἇξια
206 926 327 979 τιμῆς
355 924 490 978 ὀλίγης
508 957 519 976 ,
547 923 619 965 καὶ
647 921 788 977 κύριοι
817 924 900 963 τῶν
928 917 1239 962 πολυδαπάνων
1266 919 1340 959 καί
1369 916 1539 972 ὡραίων

81 991 224 1044 ὀλίγον
254 992 453 1042 ἐγένοντο.

188 1055 529 1108 Ἐπαναστρὲψας
559 1056 604 1095 δὲ
635 1052 760 1095 πάλιν
788 1051 809 1093 ὅ
847 1054 1057 1108 αὐθέντης
1086 1053 1131 1092 ἑν
1159 1052 1210 1108 τῇ
1238 1049 1356 1091 πόλει
1385 1045 1538 1103 ἤρξατο

24 1120 124 1165 15τὸ
155 1120 336 1162 παλαιὸν
359 1122 512 1171 κτίζειν
540 1121 743 1173 σαράγιον
787 1121 860 1161 καί
885 1119 1163 1168 καλλωπίζειν
1194 1114 1325 1157 πολλοὶ
1356 1118 1427 1168 τῆς
1457 1113 1539 1155 πό-

81 1191 196 1235 λεως.
252 1182 344 1228 εἶτα
371 1189 594 1240 πορευθείς
623 1184 747 1238 ἔλαβε
775 1184 852 1239 την
881 1181 1036 1237 Αἶνον,
1065 1179 1209 1224 ἔπειτα
1237 1182 1313 1230 τὰς
1343 1179 1537 1235 Ἀθήνας,

77 1251 156 1301 τὰς
185 1250 356 1306 Θήβας,
399 1251 473 1307 την
505 1251 673 1302 Θάσον,
714 1250 788 1305 τὴν
829 1249 1132 1305 Σαμοθρᾴκην,
1164 1247 1210 1289 τὸ
1233 1242 1387 1300 ’Ἀργος
1414 1245 1460 1287 τὸ
1494 1249 1539 1288 ἐν

79 1316 407 1376 Πελοποννήσῳ·
485 1316 530 1358 τὸ
570 1315 652 1370 γάρ
694 1316 926 1369 Ἐξαμιλιον
978 1313 1092 1368 εἶχον
1129 1317 1176 1355 ἐκ
1212 1315 1377 1367 καιροῦ.
1446 1309 1536 1355 εἶτα
1554 1317 1597 1352 14

77 1381 204 1436 ἔλαβε
231 1382 306 1437 τὴν
333 1385 535 1437 Λῆμνον,
564 1382 638 1437 τήν
668 1378 840 1437 Ἴμβρον
882 1381 955 1423 καί
995 1381 1137 1429 ἁπλῶς
1167 1381 1296 1421 εἰπεῖν
1323 1378 1456 1421 πάντα
1486 1379 1537 1421 τὰ

19 1450 366 1502 ρογειτονοῦντα,
407 1447 515 1502 πλην
552 1449 755 1502 Εὐρίπου.
813 1447 1043 1501 ἐμετοίκισε
1076 1448 1148 1488 καί
1177 1443 1259 1487 ἀπὸ
1291 1447 1540 1500 Ἀδριανου-

76 1516 233 1564 πόλεως
263 1510 423 1569 ἄνδρας
461 1516 534 1556 καί
570 1520 772 1568 γυναῖκας
802 1513 970 1562 πολλάς,
1030 1511 1136 1562 ὅλως
1165 1515 1211 1554 δὲ
1243 1513 1319 1553 οὐκ
1349 1512 1540 1566 εἰρηνευ-

76 1595 148 1621 σεν
175 1578 197 1621 ὅ
228 1580 444 1634 α’λιτήρίος
466 1579 554 1629 ἔτος
575 1579 632 1632 ἓν,
661 1583 752 1621 ἀλλ’
773 1582 967 1633 ἐπολέμει
994 1580 1068 1621 καί
1085 1577 1254 1633 νικητὴς
1280 1578 1541 1634 ἀνεφαίνετο,

77 1645 249 1694 ου’δενὸς
278 1641 392 1694 ὄντος
420 1649 495 1687 τοῦ
521 1646 577 1694 ὥς
606 1645 692 1687 ἔδει
722 1646 1075 1699 ἀντιμαχομένου.

83 1777 179 1811 enim
207 1788 284 1811 esse
311 1778 404 1811 bona
424 1784 524 1823 parta
549 1779 640 1811 tueri
668 1789 774 1823 quam
800 1778 999 1823 acquirere,
1019 1782 1114 1810 recte
1141 1777 1273 1810 dictum
1301 1777 1382 1821 est),
1405 1774 1533 1808 Adria-

78 1825 229 1870 nopolin
254 1836 330 1858 sese
357 1836 435 1858 cum
465 1825 594 1868 gaudio
626 1831 662 1858 et
691 1826 800 1868 gloria
830 1836 954 1868 magna
981 1825 1133 1857 rettulit.

172 1871 244 1904 Sed
263 1883 341 1905 cum
359 1871 543 1905 hominum
563 1883 669 1904 vacua
695 1873 777 1904 urbs
802 1878 895 1904 esset
911 1877 947 1904 et
971 1869 1227 1916 propemodum
1254 1869 1406 1909 deserta,
1432 1880 1532 1913 man-

79 1917 164 1951 dato
189 1918 300 1963 ipsius
341 1919 502 1951 accersiti
527 1924 702 1951 venerunt
733 1919 903 1963 inquilini
941 1929 981 1950 ac
1006 1919 1088 1951 novi
1114 1918 1208 1950 cives
1234 1928 1252 1949 e
1281 1915 1446 1960 pluribus
1473 1916 1531 1948 lo·-

80 1965 141 2004 cis.
166 1975 185 1997 e
208 1963 356 1998 Pontica
382 1964 503 1998 Media
534 1971 570 1998 et
593 1964 736 2010 oppidis
768 1966 863 2005 eius,
888 1976 932 1997 ex
958 1965 1173 2009 Agathopoli
1200 1969 1236 1996 et
1261 1962 1485 2002 Mesembria,
1513 1973 1532 1994 e

80 2011 254 2054 Selybria,
282 2012 464 2051 Heraclea,
483 2011 634 2051 Panado,
662 2011 849 2044 Orestiade
876 2012 984 2056 (quae
1015 2017 1069 2044 est
1098 2010 1364 2055 Adrianopolis)
1391 2015 1427 2042 et
1454 2009 1535 2042 aliis

80 2058 243 2103 pluribus
268 2059 368 2092 locis.
396 2059 432 2090 hi
461 2059 592 2102 singuli
614 2069 677 2103 pro
705 2058 879 2101 dignitate
908 2070 970 2091 sua
995 2059 1151 2103 acceptis
1178 2056 1342 2089 domibus
1369 2056 1534 2089 incolue-

82 2110 166 2138 runt
190 2104 334 2145 urbem,
373 2106 494 2138 multis
532 2106 639 2138 etiam
681 2107 771 2148 agris
809 2106 845 2138 in
874 2116 935 2138 eos
973 2105 1093 2138 divisis
1132 2103 1386 2148 mancipioque
1429 2101 1533 2135 datis.

81 2152 167 2196 quin
189 2152 301 2184 multa
323 2152 478 2196 pretiosa
500 2149 622 2196 'paucis
649 2158 811 2185 emerunt
833 2153 998 2192 nummis,
1026 2158 1062 2185 et
1087 2163 1177 2197 quae
1204 2161 1331 2194 magno
1360 2149 1536 2182 constite-

83 2204 174 2237 rant,
201 2210 309 2242 parvo
339 2200 394 2231 sui
418 2199 504 2231 iuris
533 2199 705 2231 fecerunt.

199 2247 370 2278 Reversus
417 2246 453 2277 in
482 2245 606 2277 urbem
647 2257 704 2277 rex
733 2250 832 2277 vetus
858 2245 1052 2289 palatium,
1080 2243 1201 2277 sedem
1231 2243 1349 2286 regiae
1380 2240 1536 2274 condere

81 2296 262 2334 'aggressus
305 2297 380 2331 est,
409 2293 591 2336 multaque
625 2292 721 2324 urbis
761 2292 837 2324 loca
866 2291 1090 2324 aedificando
1116 2301 1254 2323 ornare.
1306 2294 1430 2333 postea
1458 2300 1536 2320 cum

82 2339 240 2370 exercitu
267 2338 446 2382 profectus
485 2340 620 2371 Aenum
662 2339 759 2383 cepit
817 2338 947 2371 exinde
974 2339 1155 2375 Athenas,
1180 2335 1337 2374 Thebas,
1365 2335 1538 2375 Thasum,

82 2384 349 2424 Samothracen,
379 2386 487 2428 Argos
530 2386 778 2430 Peloponnesi.
839 2385 956 2430 ipsum
993 2386 1089 2417 enim
1125 2383 1359 2415 llexamilium
1397 2383 1537 2414 Turcae

82 2431 152 2463 iam
178 2430 222 2463 ab
250 2432 434 2475 aliquanto
462 2437 621 2476 tempore
650 2432 831 2464 tenebant.
902 2437 975 2464 tum
1006 2433 1175 2464 Lemnum
1201 2434 1375 2474 ceperunt
1405 2435 1440 2461 et
1465 2428 1536 2460 lm·

81 2477 196 2515 brnm,
223 2485 346 2510 cunct-1
380 2479 535 2523 denique
563 2479 711 2511 finitima
741 2485 991 2523 praeterquam
1008 2478 1201 2510 Euboeam.
1230 2476 1415 2509 transtulit
1442 2475 1537 2507 idem

83 2530 118 2556 et
146 2536 188 2556 ex
217 2525 363 2556 Adriani
395 2526 480 2556 urbe
508 2526 711 2567 Byzantium
738 2526 868 2557 multos
899 2530 1085 2568 utriusque
1113 2534 1217 2555 sexus
1243 2522 1420 2555 homines.
1472 2521 1535 2554 de-

82 2571 193 2615 nique
217 2582 262 2603 ne
289 2583 396 2603 unum
426 2571 571 2615 quidem
602 2583 732 2604 annum
759 2583 778 2603 a
809 2571 906 2604 bello
935 2573 1126 2603 immunem
1153 2576 1336 2602 execratus
1366 2570 1433 2601 iste
1461 2579 1537 2600 ma-

82 2628 168 2649 nere
194 2618 294 2650 sivit:
321 2617 383 2650 sed
410 2624 445 2650 et
482 2618 639 2652 bellabat
677 2624 712 2652 et
738 2619 850 2651 victor
893 2618 1091 2658 evadebat,
1119 2618 1262 2650 nemine
1287 2627 1324 2649 se
1349 2615 1416 2656 illi,
1445 2615 1540 2649 sicut

87 2664 291 2711 oportebat,
319 2670 538 2710 opponente.
