<?xml version="1.0" encoding="UTF-8"?>
<!DOCTYPE html PUBLIC "-//W3C//DTD XHTML 1.0 Transitional//EN"
    "http://www.w3.org/TR/xhtml1/DTD/xhtml1-transitional.dtd">
<html xmlns="http://www.w3.org/1999/xhtml" xml:lang="en" lang="en">
 <head>
  <title>
</title>
<meta http-equiv="Content-Type" content="text/html;charset=utf-8" />
  <meta name='ocr-system' content='tesseract 3.04.00' />
  <meta name='ocr-capabilities' content='ocr_page ocr_carea ocr_par ocr_line ocrx_word'/>
</head>
<body>
  <div class='ocr_page' id='page_1' title='image "./corpusscriptorum22niebuoft_0095.png"; bbox 0 0 1754 3016; ppageno 0'>
   <div class='ocr_carea' id='block_1_1' title="bbox 620 83 1524 133">
    <p class='ocr_par' dir='ltr' id='par_1_1' title="bbox 620 83 1524 133">
     <span class='ocr_line' id='line_1_1' title="bbox 620 83 1524 133; baseline -0.004 0"><span class='ocrx_word' id='word_1_1' title='bbox 620 86 1047 133; x_wconf 75' lang='lat' dir='ltr'>PATRI-ARCHICA.</span> <span class='ocrx_word' id='word_1_2' title='bbox 1462 83 1524 129; x_wconf 84' lang='lat'>85</span> 
     </span>
    </p>
   </div>
   <div class='ocr_carea' id='block_1_2' title="bbox 20 181 1610 1877">
    <p class='ocr_par' dir='ltr' id='par_1_2' title="bbox 20 181 1610 1877">
     <span class='ocr_line' id='line_1_2' title="bbox 71 181 1530 248; baseline -0.005 -15"><span class='ocrx_word' id='word_1_3' title='bbox 71 190 93 232; x_wconf 79' lang='grc' dir='ltr'><strong>ὃ</strong></span> <span class='ocrx_word' id='word_1_4' title='bbox 120 187 228 238; x_wconf 48' lang='grc' dir='ltr'><em>θεός,</em></span> <span class='ocrx_word' id='word_1_5' title='bbox 249 187 398 238; x_wconf 64' lang='lat' dir='ltr'>«mabog</span> <span class='ocrx_word' id='word_1_6' title='bbox 425 189 470 231; x_wconf 79' lang='grc' dir='ltr'>ἒν</span> <span class='ocrx_word' id='word_1_7' title='bbox 499 185 637 248; x_wconf 75' lang='grc' dir='ltr'><em>ἑαυτῷ</em></span> <span class='ocrx_word' id='word_1_8' title='bbox 650 191 724 231; x_wconf 81' lang='grc' dir='ltr'><strong><em>καί</em></strong></span> <span class='ocrx_word' id='word_1_9' title='bbox 747 187 829 244; x_wconf 82' lang='grc' dir='ltr'>πρὸ</span> <span class='ocrx_word' id='word_1_10' title='bbox 856 188 934 229; x_wconf 79' lang='grc' dir='ltr'><em>τοῦ</em></span> <span class='ocrx_word' id='word_1_11' title='bbox 955 185 1320 241; x_wconf 71' lang='grc' dir='ltr'><em>δημιουργηθῆναι</em></span> <span class='ocrx_word' id='word_1_12' title='bbox 1345 181 1419 226; x_wconf 69' lang='grc' dir='ltr'>ὕπ’</span> <span class='ocrx_word' id='word_1_13' title='bbox 1448 186 1530 226; x_wconf 79' lang='lat' dir='ltr'>av’-</span> 
     </span>
     <span class='ocr_line' id='line_1_3' title="bbox 69 249 1531 308; baseline -0.003 -10"><span class='ocrx_word' id='word_1_14' title='bbox 69 257 146 298; x_wconf 79' lang='grc' dir='ltr'><em>τοῦ</em></span> <span class='ocrx_word' id='word_1_15' title='bbox 175 253 247 298; x_wconf 83' lang='grc' dir='ltr'>τόν</span> <span class='ocrx_word' id='word_1_16' title='bbox 286 254 467 308; x_wconf 79' lang='grc' dir='ltr'><strong><em>κόσμον,</em></strong></span> <span class='ocrx_word' id='word_1_17' title='bbox 499 257 572 297; x_wconf 81' lang='grc' dir='ltr'><strong><em>καί</em></strong></span> <span class='ocrx_word' id='word_1_18' title='bbox 611 255 683 298; x_wconf 72' lang='grc' dir='ltr'>διὰ</span> <span class='ocrx_word' id='word_1_19' title='bbox 724 256 885 298; x_wconf 79' lang='grc' dir='ltr'><em>τούτων</em></span> <span class='ocrx_word' id='word_1_20' title='bbox 920 250 1229 308; x_wconf 74' lang='grc' dir='ltr'>ἐδημιούργησε</span> <span class='ocrx_word' id='word_1_21' title='bbox 1258 249 1333 293; x_wconf 84' lang='grc' dir='ltr'>τὸν</span> <span class='ocrx_word' id='word_1_22' title='bbox 1359 250 1531 306; x_wconf 82' lang='grc' dir='ltr'><em>κόσμον,</em></span> 
     </span>
     <span class='ocr_line' id='line_1_4' title="bbox 70 316 1535 378; baseline -0.005 -14"><span class='ocrx_word' id='word_1_23' title='bbox 70 324 148 364; x_wconf 78' lang='grc' dir='ltr'><em>καί</em></span> <span class='ocrx_word' id='word_1_24' title='bbox 171 319 242 363; x_wconf 74' lang='grc' dir='ltr'>διά</span> <span class='ocrx_word' id='word_1_25' title='bbox 274 320 434 362; x_wconf 76' lang='grc' dir='ltr'><em>τούτων</em></span> <span class='ocrx_word' id='word_1_26' title='bbox 465 323 646 378; x_wconf 75' lang='grc' dir='ltr'><em>κυβερνᾷ</em></span> <span class='ocrx_word' id='word_1_27' title='bbox 674 320 812 363; x_wconf 73' lang='grc' dir='ltr'><em>αὐτόν.</em></span> <span class='ocrx_word' id='word_1_28' title='bbox 841 318 914 361; x_wconf 85' lang='grc' dir='ltr'><strong><em>καί</em></strong></span> <span class='ocrx_word' id='word_1_29' title='bbox 940 319 1076 361; x_wconf 75' lang='grc' dir='ltr'><em>ταῦτα</em></span> <span class='ocrx_word' id='word_1_30' title='bbox 1105 316 1158 358; x_wconf 82' lang='grc' dir='ltr'><em>τοὶ</em></span> <span class='ocrx_word' id='word_1_31' title='bbox 1189 319 1286 371; x_wconf 85' lang='grc' dir='ltr'>τριά</span> <span class='ocrx_word' id='word_1_32' title='bbox 1315 317 1535 370; x_wconf 76' lang='grc' dir='ltr'><strong><em>ἰδιώματα</em></strong></span> 
     </span>
     <span class='ocr_line' id='line_1_5' title="bbox 71 380 1610 440; baseline -0.002 -13"><span class='ocrx_word' id='word_1_33' title='bbox 71 386 330 439; x_wconf 75' lang='grc' dir='ltr'><em>ὀνομάζομεν</em></span> <span class='ocrx_word' id='word_1_34' title='bbox 357 391 470 440; x_wconf 84' lang='grc' dir='ltr'><em>τρεῖς</em></span> <span class='ocrx_word' id='word_1_35' title='bbox 497 386 754 436; x_wconf 76' lang='grc' dir='ltr'><em>ὑποστάσεις</em></span> <span class='ocrx_word' id='word_1_36' title='bbox 779 382 908 440; x_wconf 76' lang='grc' dir='ltr'><em>ἤγουν</em></span> <span class='ocrx_word' id='word_1_37' title='bbox 927 382 1024 439; x_wconf 71' lang='grc' dir='ltr'><em>τρία</em></span> <span class='ocrx_word' id='word_1_38' title='bbox 1045 380 1263 438; x_wconf 85' lang='grc' dir='ltr'><em>πρόσωπα.</em></span> <span class='ocrx_word' id='word_1_39' title='bbox 1320 384 1394 424; x_wconf 85' lang='grc' dir='ltr'><em>καί</em></span> <span class='ocrx_word' id='word_1_40' title='bbox 1423 382 1531 424; x_wconf 79' lang='grc' dir='ltr'><em>διότι</em></span> <span class='ocrx_word' id='word_1_41' title='bbox 1544 391 1610 425; x_wconf 83' lang='lat'>111</span> 
     </span>
     <span class='ocr_line' id='line_1_6' title="bbox 37 447 1534 506; baseline -0.001 -15"><span class='ocrx_word' id='word_1_42' title='bbox 37 451 183 494; x_wconf 78' lang='grc' dir='ltr'>5αότὰ</span> <span class='ocrx_word' id='word_1_43' title='bbox 213 451 266 494; x_wconf 81' lang='grc' dir='ltr'>τὰ</span> <span class='ocrx_word' id='word_1_44' title='bbox 297 450 512 504; x_wconf 73' lang='grc' dir='ltr'><strong><em>ἰδιώματα</em></strong></span> <span class='ocrx_word' id='word_1_45' title='bbox 556 452 611 493; x_wconf 81' lang='grc' dir='ltr'><em>ου’</em></span> <span class='ocrx_word' id='word_1_46' title='bbox 642 453 863 506; x_wconf 79' lang='grc' dir='ltr'><em>μερίζουσι</em></span> <span class='ocrx_word' id='word_1_47' title='bbox 905 449 981 504; x_wconf 77' lang='grc' dir='ltr'>τὴν</span> <span class='ocrx_word' id='word_1_48' title='bbox 1006 451 1109 503; x_wconf 88' lang='grc' dir='ltr'>μιάν</span> <span class='ocrx_word' id='word_1_49' title='bbox 1136 450 1211 490; x_wconf 83' lang='grc' dir='ltr'><em>καί</em></span> <span class='ocrx_word' id='word_1_50' title='bbox 1233 447 1534 504; x_wconf 77' lang='grc' dir='ltr'><em>ἁπλουστάτην</em></span> 
     </span>
     <span class='ocr_line' id='line_1_7' title="bbox 73 512 1535 568; baseline -0.001 -10"><span class='ocrx_word' id='word_1_51' title='bbox 73 514 221 560; x_wconf 69' lang='grc' dir='ltr'><em>οὐσίαν</em></span> <span class='ocrx_word' id='word_1_52' title='bbox 249 518 326 559; x_wconf 79' lang='grc' dir='ltr'><em>τοῦ</em></span> <span class='ocrx_word' id='word_1_53' title='bbox 355 519 477 568; x_wconf 79' lang='grc' dir='ltr'><em>θεοῦ,</em></span> <span class='ocrx_word' id='word_1_54' title='bbox 506 515 578 559; x_wconf 72' lang='grc' dir='ltr'>διὰ</span> <span class='ocrx_word' id='word_1_55' title='bbox 609 519 731 560; x_wconf 80' lang='grc' dir='ltr'><em>τοῦτο</em></span> <span class='ocrx_word' id='word_1_56' title='bbox 759 514 848 558; x_wconf 81' lang='grc' dir='ltr'><em>ἔστι</em></span> <span class='ocrx_word' id='word_1_57' title='bbox 878 514 980 565; x_wconf 83' lang='grc' dir='ltr'><em>θεὸς</em></span> <span class='ocrx_word' id='word_1_58' title='bbox 1006 515 1082 557; x_wconf 80' lang='grc' dir='ltr'><strong><em>καί</em></strong></span> <span class='ocrx_word' id='word_1_59' title='bbox 1104 513 1213 567; x_wconf 76' lang='grc' dir='ltr'><em>μετὰ</em></span> <span class='ocrx_word' id='word_1_60' title='bbox 1240 517 1323 556; x_wconf 76' lang='grc' dir='ltr'>τῶν</span> <span class='ocrx_word' id='word_1_61' title='bbox 1352 512 1535 567; x_wconf 74' lang='grc' dir='ltr'><em>ἰδιωμά-</em></span> 
     </span>
     <span class='ocr_line' id='line_1_8' title="bbox 71 578 1535 638; baseline -0.001 -13"><span class='ocrx_word' id='word_1_62' title='bbox 71 599 156 626; x_wconf 87' lang='grc' dir='ltr'>των</span> <span class='ocrx_word' id='word_1_63' title='bbox 184 579 345 626; x_wconf 78' lang='grc' dir='ltr'><em>τούτων</em></span> <span class='ocrx_word' id='word_1_64' title='bbox 392 578 454 634; x_wconf 80' lang='grc' dir='ltr'><em>εἷς</em></span> <span class='ocrx_word' id='word_1_65' title='bbox 481 584 606 638; x_wconf 81' lang='grc' dir='ltr'><em>θεός,</em></span> <span class='ocrx_word' id='word_1_66' title='bbox 651 581 724 625; x_wconf 81' lang='grc' dir='ltr'><strong><em>καί</em></strong></span> <span class='ocrx_word' id='word_1_67' title='bbox 748 581 823 624; x_wconf 76' lang='grc' dir='ltr'><em>οὐκ</em></span> <span class='ocrx_word' id='word_1_68' title='bbox 861 583 946 624; x_wconf 81' lang='grc' dir='ltr'>εἰσί</span> <span class='ocrx_word' id='word_1_69' title='bbox 980 586 1091 637; x_wconf 82' lang='grc' dir='ltr'><em>τρεῖς</em></span> <span class='ocrx_word' id='word_1_70' title='bbox 1118 581 1226 634; x_wconf 76' lang='grc' dir='ltr'><em>θεοί,</em></span> <span class='ocrx_word' id='word_1_71' title='bbox 1254 578 1398 630; x_wconf 74' lang='grc' dir='ltr'><em>καθώς</em></span> <span class='ocrx_word' id='word_1_72' title='bbox 1426 582 1535 630; x_wconf 86' lang='grc' dir='ltr'><em>τινὲς</em></span> 
     </span>
     <span class='ocr_line' id='line_1_9' title="bbox 74 651 520 703; baseline -0.004 -11"><span class='ocrx_word' id='word_1_73' title='bbox 74 652 310 703; x_wconf 73' lang='grc' dir='ltr'><em>τολμῶντες</em></span> <span class='ocrx_word' id='word_1_74' title='bbox 338 651 520 703; x_wconf 80' lang='grc' dir='ltr'><em>λέγουσι.</em></span> 
     </span>
     <span class='ocr_line' id='line_1_10' title="bbox 214 710 1535 769; baseline -0.004 -12"><span class='ocrx_word' id='word_1_75' title='bbox 214 715 265 757; x_wconf 78' lang='grc' dir='ltr'>δ’.</span> <span class='ocrx_word' id='word_1_76' title='bbox 319 712 587 768; x_wconf 83' lang='grc' dir='ltr'><em>Πιστεόομεν</em></span> <span class='ocrx_word' id='word_1_77' title='bbox 630 710 696 756; x_wconf 84' lang='grc' dir='ltr'>ὅτι</span> <span class='ocrx_word' id='word_1_78' title='bbox 722 715 768 756; x_wconf 80' lang='grc' dir='ltr'>ἐκ</span> <span class='ocrx_word' id='word_1_79' title='bbox 794 714 867 767; x_wconf 75' lang='grc' dir='ltr'><em>τῆς</em></span> <span class='ocrx_word' id='word_1_80' title='bbox 895 712 1063 769; x_wconf 82' lang='grc' dir='ltr'><em>φύσεως</em></span> <span class='ocrx_word' id='word_1_81' title='bbox 1101 713 1175 755; x_wconf 84' lang='grc' dir='ltr'><em>τοῦ</em></span> <span class='ocrx_word' id='word_1_82' title='bbox 1213 715 1318 754; x_wconf 82' lang='grc' dir='ltr'><em>θεοῦ</em></span> <span class='ocrx_word' id='word_1_83' title='bbox 1358 711 1535 753; x_wconf 83' lang='grc' dir='ltr'><em>α’νατέλ-</em></span> 
     </span>
     <span class='ocr_line' id='line_1_11' title="bbox 20 776 1539 836; baseline -0.003 -12"><span class='ocrx_word' id='word_1_84' title='bbox 20 785 196 825; x_wconf 76' lang='grc' dir='ltr'><em>ιθλουσι</em></span> <span class='ocrx_word' id='word_1_85' title='bbox 237 779 358 836; x_wconf 80' lang='grc' dir='ltr'><em>λόγος</em></span> <span class='ocrx_word' id='word_1_86' title='bbox 399 783 472 823; x_wconf 82' lang='grc' dir='ltr'><em>καί</em></span> <span class='ocrx_word' id='word_1_87' title='bbox 497 783 692 834; x_wconf 79' lang='grc' dir='ltr'><em>πνεῦμα,</em></span> <span class='ocrx_word' id='word_1_88' title='bbox 738 776 876 835; x_wconf 72' lang='grc' dir='ltr'><em>ὥσπερ</em></span> <span class='ocrx_word' id='word_1_89' title='bbox 917 778 999 821; x_wconf 85' lang='grc' dir='ltr'>α’πὸ</span> <span class='ocrx_word' id='word_1_90' title='bbox 1040 781 1119 822; x_wconf 76' lang='grc' dir='ltr'><em>τοῦ</em></span> <span class='ocrx_word' id='word_1_91' title='bbox 1161 777 1296 835; x_wconf 78' lang='grc' dir='ltr'><em>πυρός</em></span> <span class='ocrx_word' id='word_1_92' title='bbox 1336 781 1428 835; x_wconf 72' lang='grc' dir='ltr'><em>φῶς</em></span> <span class='ocrx_word' id='word_1_93' title='bbox 1464 781 1539 820; x_wconf 84' lang='grc' dir='ltr'><strong><em>καί</em></strong></span> 
     </span>
     <span class='ocr_line' id='line_1_12' title="bbox 75 843 1539 902; baseline -0.003 -13"><span class='ocrx_word' id='word_1_94' title='bbox 75 849 227 901; x_wconf 84' lang='grc' dir='ltr'><em>θέρμη.</em></span> <span class='ocrx_word' id='word_1_95' title='bbox 307 849 380 888; x_wconf 80' lang='grc' dir='ltr'><em>καί</em></span> <span class='ocrx_word' id='word_1_96' title='bbox 419 845 612 901; x_wconf 80' lang='grc' dir='ltr'><em>καθάπερ</em></span> <span class='ocrx_word' id='word_1_97' title='bbox 659 846 707 889; x_wconf 84' lang='grc' dir='ltr'>τὸ</span> <span class='ocrx_word' id='word_1_98' title='bbox 736 848 852 902; x_wconf 81' lang='grc' dir='ltr'>πῦρ,</span> <span class='ocrx_word' id='word_1_99' title='bbox 898 846 972 888; x_wconf 83' lang='grc' dir='ltr'><em>καί</em></span> <span class='ocrx_word' id='word_1_100' title='bbox 1011 847 1052 888; x_wconf 83' lang='grc' dir='ltr'>εἰ</span> <span class='ocrx_word' id='word_1_101' title='bbox 1083 844 1143 900; x_wconf 81' lang='grc' dir='ltr'><em>μὴ</em></span> <span class='ocrx_word' id='word_1_102' title='bbox 1182 843 1270 887; x_wconf 82' lang='grc' dir='ltr'><em>ἔστι</em></span> <span class='ocrx_word' id='word_1_103' title='bbox 1302 843 1415 886; x_wconf 87' lang='grc' dir='ltr'><em>τι’τὸ</em></span> <span class='ocrx_word' id='word_1_104' title='bbox 1447 860 1539 900; x_wconf 83' lang='grc' dir='ltr'>φω-</span> 
     </span>
     <span class='ocr_line' id='line_1_13' title="bbox 75 907 1536 968; baseline -0.003 -14"><span class='ocrx_word' id='word_1_105' title='bbox 75 911 292 966; x_wconf 81' lang='grc' dir='ltr'><em>τιζόμενον</em></span> <span class='ocrx_word' id='word_1_106' title='bbox 321 916 395 956; x_wconf 84' lang='grc' dir='ltr'><em>καί</em></span> <span class='ocrx_word' id='word_1_107' title='bbox 435 913 771 968; x_wconf 79' lang='grc' dir='ltr'><em>θερμαινόμενον</em></span> <span class='ocrx_word' id='word_1_108' title='bbox 805 912 875 954; x_wconf 75' lang='grc' dir='ltr'>ὑπ’</span> <span class='ocrx_word' id='word_1_109' title='bbox 903 914 1063 966; x_wconf 58' lang='lat' dir='ltr'>adsoni,</span> <span class='ocrx_word' id='word_1_110' title='bbox 1090 912 1182 954; x_wconf 72' lang='grc' dir='ltr'><em>ἀλλ’</em></span> <span class='ocrx_word' id='word_1_111' title='bbox 1210 907 1325 965; x_wconf 76' lang='grc' dir='ltr'><em>ὅμως</em></span> <span class='ocrx_word' id='word_1_112' title='bbox 1355 909 1459 953; x_wconf 79' lang='grc' dir='ltr'><em>αὑτό</em></span> <span class='ocrx_word' id='word_1_113' title='bbox 1489 908 1536 953; x_wconf 86' lang='grc' dir='ltr'>τό</span> 
     </span>
     <span class='ocr_line' id='line_1_14' title="bbox 77 977 1540 1035; baseline -0.002 -14"><span class='ocrx_word' id='word_1_114' title='bbox 77 981 163 1033; x_wconf 78' lang='grc' dir='ltr'>πῦρ</span> <span class='ocrx_word' id='word_1_115' title='bbox 191 979 263 1021; x_wconf 83' lang='grc' dir='ltr'>αἐἰ</span> <span class='ocrx_word' id='word_1_116' title='bbox 291 978 380 1033; x_wconf 81' lang='grc' dir='ltr'><em>ἔχει</em></span> <span class='ocrx_word' id='word_1_117' title='bbox 410 980 502 1035; x_wconf 76' lang='grc' dir='ltr'><em>φῶς</em></span> <span class='ocrx_word' id='word_1_118' title='bbox 544 978 618 1021; x_wconf 76' lang='grc' dir='ltr'>καὶ</span> <span class='ocrx_word' id='word_1_119' title='bbox 647 977 788 1033; x_wconf 80' lang='grc' dir='ltr'><em>θέρμη</em></span> <span class='ocrx_word' id='word_1_120' title='bbox 824 977 898 1020; x_wconf 78' lang='grc' dir='ltr'>καὶ</span> <span class='ocrx_word' id='word_1_121' title='bbox 934 978 1135 1031; x_wconf 80' lang='grc' dir='ltr'><em>ἐκπέμπει</em></span> <span class='ocrx_word' id='word_1_122' title='bbox 1179 981 1271 1034; x_wconf 72' lang='grc' dir='ltr'><em>φῶς</em></span> <span class='ocrx_word' id='word_1_123' title='bbox 1298 979 1374 1020; x_wconf 82' lang='grc' dir='ltr'><em>καί</em></span> <span class='ocrx_word' id='word_1_124' title='bbox 1398 978 1540 1032; x_wconf 79' lang='grc' dir='ltr'><em>θέρμη</em></span> 
     </span>
     <span class='ocr_line' id='line_1_15' title="bbox 78 1038 1540 1100; baseline -0.003 -13"><span class='ocrx_word' id='word_1_125' title='bbox 78 1044 196 1100; x_wconf 81' lang='grc' dir='ltr'><em>ἡμῖν,</em></span> <span class='ocrx_word' id='word_1_126' title='bbox 224 1041 335 1087; x_wconf 65' lang='grc' dir='ltr'><em>οὕτω</em></span> <span class='ocrx_word' id='word_1_127' title='bbox 368 1046 444 1087; x_wconf 80' lang='grc' dir='ltr'>καί</span> <span class='ocrx_word' id='word_1_128' title='bbox 468 1043 549 1099; x_wconf 83' lang='grc' dir='ltr'>πρὸ</span> <span class='ocrx_word' id='word_1_129' title='bbox 583 1047 661 1085; x_wconf 81' lang='grc' dir='ltr'><em>τοῦ</em></span> <span class='ocrx_word' id='word_1_130' title='bbox 687 1045 1054 1099; x_wconf 78' lang='grc' dir='ltr'><em>δημιουργηθῆναι</em></span> <span class='ocrx_word' id='word_1_131' title='bbox 1097 1043 1170 1086; x_wconf 87' lang='grc' dir='ltr'>τόν</span> <span class='ocrx_word' id='word_1_132' title='bbox 1197 1047 1354 1096; x_wconf 84' lang='grc' dir='ltr'><em>κόσμον</em></span> <span class='ocrx_word' id='word_1_133' title='bbox 1384 1038 1492 1097; x_wconf 77' lang='grc' dir='ltr'><em>ἦσαν</em></span> <span class='ocrx_word' id='word_1_134' title='bbox 1519 1039 1540 1082; x_wconf 81' lang='grc' dir='ltr'><strong>ὅ</strong></span> 
     </span>
     <span class='ocr_line' id='line_1_16' title="bbox 25 1107 1540 1166; baseline -0.001 -16"><span class='ocrx_word' id='word_1_135' title='bbox 25 1116 68 1150; x_wconf 84' lang='grc'>15</span> <span class='ocrx_word' id='word_1_136' title='bbox 80 1111 198 1166; x_wconf 80' lang='grc' dir='ltr'><em>λόγος</em></span> <span class='ocrx_word' id='word_1_137' title='bbox 221 1110 293 1152; x_wconf 83' lang='grc' dir='ltr'><em>καί</em></span> <span class='ocrx_word' id='word_1_138' title='bbox 319 1108 366 1152; x_wconf 87' lang='grc' dir='ltr'>τό</span> <span class='ocrx_word' id='word_1_139' title='bbox 397 1112 594 1165; x_wconf 74' lang='grc' dir='ltr'><em>πνεῦμα,</em></span> <span class='ocrx_word' id='word_1_140' title='bbox 635 1110 839 1164; x_wconf 82' lang='grc' dir='ltr'><em>ἑνεργεῖαι</em></span> <span class='ocrx_word' id='word_1_141' title='bbox 882 1112 954 1152; x_wconf 85' lang='grc' dir='ltr'><em>τοῦ</em></span> <span class='ocrx_word' id='word_1_142' title='bbox 986 1111 1091 1151; x_wconf 81' lang='grc' dir='ltr'><em>θεοῦ</em></span> <span class='ocrx_word' id='word_1_143' title='bbox 1119 1111 1315 1166; x_wconf 74' lang='grc' dir='ltr'><em>φυσικαί,</em></span> <span class='ocrx_word' id='word_1_144' title='bbox 1344 1107 1488 1163; x_wconf 72' lang='grc' dir='ltr'><em>ἐπειδὴ</em></span> <span class='ocrx_word' id='word_1_145' title='bbox 1519 1108 1540 1148; x_wconf 80' lang='grc' dir='ltr'><em>ὃ</em></span> 
     </span>
     <span class='ocr_line' id='line_1_17' title="bbox 79 1174 1540 1230; baseline -0.003 -11"><span class='ocrx_word' id='word_1_146' title='bbox 79 1175 182 1226; x_wconf 80' lang='grc' dir='ltr'><em>θεὸς</em></span> <span class='ocrx_word' id='word_1_147' title='bbox 212 1178 309 1225; x_wconf 79' lang='grc' dir='ltr'><em>νοῦς</em></span> <span class='ocrx_word' id='word_1_148' title='bbox 337 1177 476 1229; x_wconf 80' lang='grc' dir='ltr'><em>ἐστίν,</em></span> <span class='ocrx_word' id='word_1_149' title='bbox 514 1175 569 1224; x_wconf 79' lang='grc' dir='ltr'><em>ὥς</em></span> <span class='ocrx_word' id='word_1_150' title='bbox 606 1177 864 1230; x_wconf 77' lang='grc' dir='ltr'><em>προείρηται.</em></span> <span class='ocrx_word' id='word_1_151' title='bbox 931 1177 1007 1217; x_wconf 85' lang='grc' dir='ltr'><em>καί</em></span> <span class='ocrx_word' id='word_1_152' title='bbox 1042 1179 1176 1218; x_wconf 82' lang='grc' dir='ltr'><em>ταῦτα</em></span> <span class='ocrx_word' id='word_1_153' title='bbox 1219 1174 1270 1217; x_wconf 74' lang='grc' dir='ltr'>τά</span> <span class='ocrx_word' id='word_1_154' title='bbox 1299 1177 1413 1229; x_wconf 79' lang='grc' dir='ltr'><em>τριά,</em></span> <span class='ocrx_word' id='word_1_155' title='bbox 1441 1175 1540 1222; x_wconf 80' lang='grc' dir='ltr'><em>νοῦς</em></span> 
     </span>
     <span class='ocr_line' id='line_1_18' title="bbox 80 1238 1541 1298; baseline -0.001 -14"><span class='ocrx_word' id='word_1_156' title='bbox 80 1241 197 1297; x_wconf 86' lang='grc' dir='ltr'><em>λόγος</em></span> <span class='ocrx_word' id='word_1_157' title='bbox 224 1240 298 1284; x_wconf 80' lang='grc' dir='ltr'><strong><em>καί</em></strong></span> <span class='ocrx_word' id='word_1_158' title='bbox 325 1243 507 1296; x_wconf 80' lang='grc' dir='ltr'><em>πνεῦμα,</em></span> <span class='ocrx_word' id='word_1_159' title='bbox 535 1238 596 1291; x_wconf 80' lang='grc' dir='ltr'><em>εἷς</em></span> <span class='ocrx_word' id='word_1_160' title='bbox 622 1241 722 1290; x_wconf 88' lang='grc' dir='ltr'><em>θεός</em></span> <span class='ocrx_word' id='word_1_161' title='bbox 740 1243 866 1298; x_wconf 79' lang='grc' dir='ltr'><em>ἐστιν,</em></span> <span class='ocrx_word' id='word_1_162' title='bbox 891 1239 1032 1297; x_wconf 74' lang='grc' dir='ltr'><em>ὥσπερ</em></span> <span class='ocrx_word' id='word_1_163' title='bbox 1061 1241 1105 1283; x_wconf 80' lang='grc' dir='ltr'>ὲν</span> <span class='ocrx_word' id='word_1_164' title='bbox 1132 1243 1182 1298; x_wconf 81' lang='grc' dir='ltr'>τῇ</span> <span class='ocrx_word' id='word_1_165' title='bbox 1205 1242 1287 1297; x_wconf 77' lang='grc' dir='ltr'>μιᾷ</span> <span class='ocrx_word' id='word_1_166' title='bbox 1314 1243 1438 1297; x_wconf 81' lang='grc' dir='ltr'><em>ψυχῇ</em></span> <span class='ocrx_word' id='word_1_167' title='bbox 1465 1242 1541 1282; x_wconf 83' lang='grc' dir='ltr'><em>τοῦ</em></span> 
     </span>
     <span class='ocr_line' id='line_1_19' title="bbox 81 1304 1547 1363; baseline -0.003 -13"><span class='ocrx_word' id='word_1_168' title='bbox 81 1308 314 1362; x_wconf 74' lang='grc' dir='ltr'><em>ἀνθρώπου</em></span> <span class='ocrx_word' id='word_1_169' title='bbox 347 1305 440 1350; x_wconf 77' lang='grc' dir='ltr'><em>ἔστι</em></span> <span class='ocrx_word' id='word_1_170' title='bbox 467 1308 565 1356; x_wconf 80' lang='grc' dir='ltr'><em>νοῦς</em></span> <span class='ocrx_word' id='word_1_171' title='bbox 594 1305 668 1349; x_wconf 81' lang='grc' dir='ltr'>καί</span> <span class='ocrx_word' id='word_1_172' title='bbox 693 1304 815 1361; x_wconf 82' lang='grc' dir='ltr'><em>λόγος</em></span> <span class='ocrx_word' id='word_1_173' title='bbox 842 1308 984 1363; x_wconf 82' lang='grc' dir='ltr'><em>νοητὸς</em></span> <span class='ocrx_word' id='word_1_174' title='bbox 1011 1309 1084 1350; x_wconf 79' lang='grc' dir='ltr'><em>καί</em></span> <span class='ocrx_word' id='word_1_175' title='bbox 1101 1309 1276 1362; x_wconf 82' lang='grc' dir='ltr'><em>θέλησις</em></span> <span class='ocrx_word' id='word_1_176' title='bbox 1300 1305 1441 1362; x_wconf 77' lang='grc' dir='ltr'><em>νοητή,</em></span> <span class='ocrx_word' id='word_1_177' title='bbox 1472 1308 1547 1347; x_wconf 74' lang='grc' dir='ltr'>καί</span> 
     </span>
     <span class='ocr_line' id='line_1_20' title="bbox 82 1369 1546 1428; baseline -0.002 -14"><span class='ocrx_word' id='word_1_178' title='bbox 82 1369 195 1426; x_wconf 77' lang='grc' dir='ltr'><em>ὅμως</em></span> <span class='ocrx_word' id='word_1_179' title='bbox 222 1373 356 1414; x_wconf 72' lang='grc' dir='ltr'><em>ταῦτα</em></span> <span class='ocrx_word' id='word_1_180' title='bbox 387 1370 440 1414; x_wconf 82' lang='grc' dir='ltr'>τοὶ</span> <span class='ocrx_word' id='word_1_181' title='bbox 467 1373 562 1426; x_wconf 83' lang='grc' dir='ltr'>τριά</span> <span class='ocrx_word' id='word_1_182' title='bbox 593 1371 678 1414; x_wconf 78' lang='grc' dir='ltr'><em>εἶσὶ</em></span> <span class='ocrx_word' id='word_1_183' title='bbox 704 1370 786 1425; x_wconf 85' lang='grc' dir='ltr'>μιά</span> <span class='ocrx_word' id='word_1_184' title='bbox 818 1370 938 1428; x_wconf 74' lang='grc' dir='ltr'><em>ψυχὴ</em></span> <span class='ocrx_word' id='word_1_185' title='bbox 981 1372 1087 1414; x_wconf 80' lang='grc' dir='ltr'><em>κατὰ</em></span> <span class='ocrx_word' id='word_1_186' title='bbox 1130 1371 1204 1428; x_wconf 74' lang='grc' dir='ltr'>την</span> <span class='ocrx_word' id='word_1_187' title='bbox 1243 1373 1408 1413; x_wconf 74' lang='grc' dir='ltr'><em>οὐσίαν.</em></span> <span class='ocrx_word' id='word_1_188' title='bbox 1465 1370 1546 1412; x_wconf 82' lang='grc' dir='ltr'>πά-</span> 
     </span>
     <span class='ocr_line' id='line_1_21' title="bbox 25 1435 1545 1494; baseline -0.005 -12"><span class='ocrx_word' id='word_1_189' title='bbox 25 1446 72 1482; x_wconf 82' lang='lat'>20</span> <span class='ocrx_word' id='word_1_190' title='bbox 85 1442 151 1480; x_wconf 88' lang='grc' dir='ltr'>λιν</span> <span class='ocrx_word' id='word_1_191' title='bbox 179 1435 253 1479; x_wconf 84' lang='grc' dir='ltr'>τόν</span> <span class='ocrx_word' id='word_1_192' title='bbox 281 1437 405 1492; x_wconf 87' lang='grc' dir='ltr'><em>λόγον</em></span> <span class='ocrx_word' id='word_1_193' title='bbox 431 1439 511 1479; x_wconf 78' lang='grc' dir='ltr'><em>τοῦ</em></span> <span class='ocrx_word' id='word_1_194' title='bbox 526 1439 633 1479; x_wconf 80' lang='grc' dir='ltr'><em>θεοῦ</em></span> <span class='ocrx_word' id='word_1_195' title='bbox 663 1437 928 1489; x_wconf 79' lang='grc' dir='ltr'><em>ὀνομάζομεν</em></span> <span class='ocrx_word' id='word_1_196' title='bbox 954 1439 1111 1494; x_wconf 86' lang='grc' dir='ltr'><em>σοφίαν</em></span> <span class='ocrx_word' id='word_1_197' title='bbox 1137 1440 1212 1480; x_wconf 84' lang='grc' dir='ltr'><em>τοῦ</em></span> <span class='ocrx_word' id='word_1_198' title='bbox 1242 1440 1348 1479; x_wconf 82' lang='grc' dir='ltr'><em>θεοῦ</em></span> <span class='ocrx_word' id='word_1_199' title='bbox 1368 1438 1442 1479; x_wconf 82' lang='grc' dir='ltr'><em>καί</em></span> <span class='ocrx_word' id='word_1_200' title='bbox 1467 1437 1545 1477; x_wconf 79' lang='grc' dir='ltr'>δυ’-</span> 
     </span>
     <span class='ocr_line' id='line_1_22' title="bbox 84 1500 1547 1559; baseline -0.001 -15"><span class='ocrx_word' id='word_1_201' title='bbox 84 1519 225 1556; x_wconf 84' lang='grc' dir='ltr'><em>ναμιν,</em></span> <span class='ocrx_word' id='word_1_202' title='bbox 251 1502 324 1544; x_wconf 80' lang='grc' dir='ltr'><em>καί</em></span> <span class='ocrx_word' id='word_1_203' title='bbox 351 1500 447 1544; x_wconf 78' lang='grc' dir='ltr'><em>υἱόν</em></span> <span class='ocrx_word' id='word_1_204' title='bbox 487 1503 645 1556; x_wconf 69' lang='grc' dir='ltr'><em>αὐτοῦ,</em></span> <span class='ocrx_word' id='word_1_205' title='bbox 677 1501 787 1544; x_wconf 73' lang='grc' dir='ltr'><em>διότι</em></span> <span class='ocrx_word' id='word_1_206' title='bbox 827 1502 921 1545; x_wconf 72' lang='grc' dir='ltr'><em>ἐστι’</em></span> <span class='ocrx_word' id='word_1_207' title='bbox 945 1505 1128 1558; x_wconf 83' lang='grc' dir='ltr'><em>γέννημα</em></span> <span class='ocrx_word' id='word_1_208' title='bbox 1170 1505 1243 1558; x_wconf 81' lang='grc' dir='ltr'><em>τῆς</em></span> <span class='ocrx_word' id='word_1_209' title='bbox 1273 1502 1443 1559; x_wconf 80' lang='grc' dir='ltr'><em>φύσεως</em></span> <span class='ocrx_word' id='word_1_210' title='bbox 1467 1501 1547 1543; x_wconf 80' lang='grc' dir='ltr'>αὖ·</span> 
     </span>
     <span class='ocr_line' id='line_1_23' title="bbox 86 1565 1547 1626; baseline -0.001 -16"><span class='ocrx_word' id='word_1_211' title='bbox 86 1571 174 1625; x_wconf 79' lang='grc' dir='ltr'><em>τοῦ,</em></span> <span class='ocrx_word' id='word_1_212' title='bbox 201 1565 343 1624; x_wconf 70' lang='grc' dir='ltr'><em>ὥσπερ</em></span> <span class='ocrx_word' id='word_1_213' title='bbox 376 1568 428 1619; x_wconf 63' lang='grc' dir='ltr'>,τὸ</span> <span class='ocrx_word' id='word_1_214' title='bbox 454 1571 637 1625; x_wconf 81' lang='grc' dir='ltr'><em>γέννημα</em></span> <span class='ocrx_word' id='word_1_215' title='bbox 664 1570 740 1624; x_wconf 85' lang='grc' dir='ltr'><em>τῆς</em></span> <span class='ocrx_word' id='word_1_216' title='bbox 775 1568 946 1626; x_wconf 80' lang='grc' dir='ltr'><em>φύσεως</em></span> <span class='ocrx_word' id='word_1_217' title='bbox 971 1569 1051 1610; x_wconf 83' lang='grc' dir='ltr'><em>τοῦ</em></span> <span class='ocrx_word' id='word_1_218' title='bbox 1077 1567 1309 1624; x_wconf 77' lang='grc' dir='ltr'><em>ἀνθρώπου</em></span> <span class='ocrx_word' id='word_1_219' title='bbox 1338 1570 1547 1621; x_wconf 83' lang='grc' dir='ltr'><em>καλοῦμεν</em></span> 
     </span>
     <span class='ocr_line' id='line_1_24' title="bbox 184 1655 803 1705; baseline 0.002 -15"><span class='ocrx_word' id='word_1_220' title='bbox 184 1657 238 1691; x_wconf 87' lang='grc'>13.</span> <span class='ocrx_word' id='word_1_221' title='bbox 260 1659 382 1704; x_wconf 82' lang='grc' dir='ltr'><em>θέρμη</em></span> <span class='ocrx_word' id='word_1_222' title='bbox 410 1655 581 1705; x_wconf 83' lang='lat' dir='ltr'>primum]</span> <span class='ocrx_word' id='word_1_223' title='bbox 610 1658 756 1704; x_wconf 76' lang='grc' dir='ltr'><em>θέρμην</em></span> <span class='ocrx_word' id='word_1_224' title='bbox 778 1658 803 1691; x_wconf 88' lang='grc' dir='ltr'>Ρ</span> 
     </span>
     <span class='ocr_line' id='line_1_25' title="bbox 88 1736 1548 1784; baseline -0.001 -13"><span class='ocrx_word' id='word_1_225' title='bbox 88 1737 184 1772; x_wconf 83' lang='lat' dir='ltr'>ditus</span> <span class='ocrx_word' id='word_1_226' title='bbox 209 1737 253 1770; x_wconf 89' lang='lat' dir='ltr'>ab</span> <span class='ocrx_word' id='word_1_227' title='bbox 281 1738 358 1784; x_wconf 85' lang='lat' dir='ltr'>ipso</span> <span class='ocrx_word' id='word_1_228' title='bbox 385 1736 536 1770; x_wconf 85' lang='lat' dir='ltr'>mundus</span> <span class='ocrx_word' id='word_1_229' title='bbox 575 1741 695 1781; x_wconf 82' lang='lat' dir='ltr'>esset3</span> <span class='ocrx_word' id='word_1_230' title='bbox 732 1742 769 1770; x_wconf 92' lang='lat' dir='ltr'>et</span> <span class='ocrx_word' id='word_1_231' title='bbox 792 1747 857 1783; x_wconf 89' lang='lat' dir='ltr'>per</span> <span class='ocrx_word' id='word_1_232' title='bbox 893 1736 956 1770; x_wconf 86' lang='lat' dir='ltr'>has</span> <span class='ocrx_word' id='word_1_233' title='bbox 982 1738 1223 1783; x_wconf 82' lang='lat' dir='ltr'><strong>proprietates</strong></span> <span class='ocrx_word' id='word_1_234' title='bbox 1250 1736 1414 1770; x_wconf 83' lang='lat' dir='ltr'>condidit</span> <span class='ocrx_word' id='word_1_235' title='bbox 1440 1748 1548 1770; x_wconf 86' lang='lat' dir='ltr'>mun-</span> 
     </span>
     <span class='ocr_line' id='line_1_26' title="bbox 89 1783 1548 1830; baseline -0.002 -12"><span class='ocrx_word' id='word_1_236' title='bbox 89 1784 191 1828; x_wconf 64' lang='lat' dir='ltr'>dum</span> <span class='ocrx_word' id='word_1_237' title='bbox 235 1784 291 1818; x_wconf 83' lang='lat' dir='ltr'>his</span> <span class='ocrx_word' id='word_1_238' title='bbox 323 1795 469 1830; x_wconf 85' lang='lat' dir='ltr'>quoque</span> <span class='ocrx_word' id='word_1_239' title='bbox 507 1784 684 1828; x_wconf 80' lang='lat' dir='ltr'>gubernat</span> <span class='ocrx_word' id='word_1_240' title='bbox 710 1795 805 1817; x_wconf 86' lang='lat' dir='ltr'>eum.</span> <span class='ocrx_word' id='word_1_241' title='bbox 853 1783 916 1817; x_wconf 85' lang='lat' dir='ltr'>has</span> <span class='ocrx_word' id='word_1_242' title='bbox 944 1789 1016 1817; x_wconf 87' lang='lat' dir='ltr'>tres</span> <span class='ocrx_word' id='word_1_243' title='bbox 1057 1785 1297 1830; x_wconf 81' lang='lat' dir='ltr'>proprietates</span> <span class='ocrx_word' id='word_1_244' title='bbox 1322 1785 1548 1817; x_wconf 74' lang='lat' dir='ltr'>nominamus</span> 
     </span>
     <span class='ocr_line' id='line_1_27' title="bbox 89 1830 1551 1877; baseline -0.002 -11"><span class='ocrx_word' id='word_1_245' title='bbox 89 1837 162 1866; x_wconf 81' lang='lat' dir='ltr'>tres</span> <span class='ocrx_word' id='word_1_246' title='bbox 187 1831 396 1877; x_wconf 81' lang='lat' dir='ltr'>hypostases</span> <span class='ocrx_word' id='word_1_247' title='bbox 422 1842 485 1864; x_wconf 87' lang='lat' dir='ltr'>seu</span> <span class='ocrx_word' id='word_1_248' title='bbox 511 1841 692 1875; x_wconf 81' lang='lat' dir='ltr'>personas.</span> <span class='ocrx_word' id='word_1_249' title='bbox 744 1832 830 1877; x_wconf 88' lang='lat' dir='ltr'>quia</span> <span class='ocrx_word' id='word_1_250' title='bbox 857 1842 940 1864; x_wconf 84' lang='lat' dir='ltr'>vero</span> <span class='ocrx_word' id='word_1_251' title='bbox 980 1830 1048 1864; x_wconf 86' lang='lat' dir='ltr'>hae</span> <span class='ocrx_word' id='word_1_252' title='bbox 1078 1832 1178 1877; x_wconf 81' lang='lat' dir='ltr'>ipsae</span> <span class='ocrx_word' id='word_1_253' title='bbox 1208 1832 1448 1877; x_wconf 78' lang='lat' dir='ltr'>proprietates</span> <span class='ocrx_word' id='word_1_254' title='bbox 1476 1842 1551 1863; x_wconf 90' lang='lat' dir='ltr'>non</span> 
     </span>
    </p>
   </div>
   <div class='ocr_carea' id='block_1_3' title="bbox 89 1877 1551 1924">
    <p class='ocr_par' dir='ltr' id='par_1_3' title="bbox 89 1877 1551 1924">
     <span class='ocr_line' id='line_1_28' title="bbox 89 1877 1551 1924; baseline -0.001 -13"><span class='ocrx_word' id='word_1_255' title='bbox 89 1878 293 1924; x_wconf 85' lang='lat' dir='ltr'>partiuntur</span> <span class='ocrx_word' id='word_1_256' title='bbox 318 1878 458 1911; x_wconf 84' lang='lat' dir='ltr'>unicam</span> <span class='ocrx_word' id='word_1_257' title='bbox 497 1877 597 1910; x_wconf 87' lang='lat' dir='ltr'>illam</span> <span class='ocrx_word' id='word_1_258' title='bbox 625 1883 662 1910; x_wconf 90' lang='lat' dir='ltr'>et</span> <span class='ocrx_word' id='word_1_259' title='bbox 685 1877 983 1923; x_wconf 84' lang='lat' dir='ltr'>simplicissimam</span> <span class='ocrx_word' id='word_1_260' title='bbox 1015 1877 1076 1911; x_wconf 88' lang='lat' dir='ltr'>dei</span> <span class='ocrx_word' id='word_1_261' title='bbox 1113 1879 1326 1920; x_wconf 81' lang='lat' dir='ltr'>essentiam,</span> <span class='ocrx_word' id='word_1_262' title='bbox 1352 1877 1435 1911; x_wconf 90' lang='lat' dir='ltr'>ideo</span> <span class='ocrx_word' id='word_1_263' title='bbox 1463 1878 1551 1922; x_wconf 86' lang='lat' dir='ltr'>ipse,</span> 
     </span>
    </p>
   </div>
   <div class='ocr_carea' id='block_1_4' title="bbox 90 1923 1552 2016">
    <p class='ocr_par' dir='ltr' id='par_1_4' title="bbox 90 1923 1552 2016">
     <span class='ocr_line' id='line_1_29' title="bbox 91 1923 1552 1970; baseline 0 -13"><span class='ocrx_word' id='word_1_264' title='bbox 91 1926 179 1958; x_wconf 84' lang='lat' dir='ltr'>licet</span> <span class='ocrx_word' id='word_1_265' title='bbox 202 1924 316 1958; x_wconf 85' lang='lat' dir='ltr'>tribus</span> <span class='ocrx_word' id='word_1_266' title='bbox 349 1924 404 1957; x_wconf 83' lang='lat' dir='ltr'>his</span> <span class='ocrx_word' id='word_1_267' title='bbox 442 1923 724 1970; x_wconf 84' lang='lat' dir='ltr'>proprietatibus</span> <span class='ocrx_word' id='word_1_268' title='bbox 750 1923 957 1969; x_wconf 87' lang='lat' dir='ltr'>praeditus,</span> <span class='ocrx_word' id='word_1_269' title='bbox 995 1936 1087 1958; x_wconf 88' lang='lat' dir='ltr'>unus</span> <span class='ocrx_word' id='word_1_270' title='bbox 1111 1924 1200 1958; x_wconf 89' lang='lat' dir='ltr'>deus</span> <span class='ocrx_word' id='word_1_271' title='bbox 1225 1931 1308 1958; x_wconf 80' lang='lat' dir='ltr'>est:</span> <span class='ocrx_word' id='word_1_272' title='bbox 1335 1936 1407 1958; x_wconf 90' lang='lat' dir='ltr'>non</span> <span class='ocrx_word' id='word_1_273' title='bbox 1432 1930 1552 1957; x_wconf 86' lang='lat' dir='ltr'>autem</span> 
     </span>
     <span class='ocr_line' id='line_1_30' title="bbox 90 1970 970 2016; baseline -0.003 -10"><span class='ocrx_word' id='word_1_274' title='bbox 90 1977 164 2006; x_wconf 73' lang='lat' dir='ltr'>tres</span> <span class='ocrx_word' id='word_1_275' title='bbox 191 1971 244 2005; x_wconf 86' lang='lat' dir='ltr'>dii</span> <span class='ocrx_word' id='word_1_276' title='bbox 267 1976 361 2012; x_wconf 88' lang='lat' dir='ltr'>sunt,</span> <span class='ocrx_word' id='word_1_277' title='bbox 389 1970 483 2004; x_wconf 86' lang='lat' dir='ltr'>sicut</span> <span class='ocrx_word' id='word_1_278' title='bbox 506 1970 652 2016; x_wconf 87' lang='lat' dir='ltr'>quidam</span> <span class='ocrx_word' id='word_1_279' title='bbox 676 1970 797 2004; x_wconf 86' lang='lat' dir='ltr'>dicere</span> <span class='ocrx_word' id='word_1_280' title='bbox 821 1970 970 2005; x_wconf 85' lang='lat' dir='ltr'>audent.</span> 
     </span>
    </p>
   </div>
   <div class='ocr_carea' id='block_1_5' title="bbox 362 2028 860 2074">
    <p class='ocr_par' dir='ltr' id='par_1_5' title="bbox 362 2028 860 2074">
     <span class='ocr_line' id='line_1_31' title="bbox 362 2028 860 2074; baseline 0 -13"><span class='ocrx_word' id='word_1_281' title='bbox 362 2028 540 2062; x_wconf 81' lang='lat' dir='ltr'>Hactenus</span> <span class='ocrx_word' id='word_1_282' title='bbox 570 2029 714 2062; x_wconf 84' lang='lat' dir='ltr'>tertium</span> <span class='ocrx_word' id='word_1_283' title='bbox 741 2033 860 2074; x_wconf 84' lang='lat' dir='ltr'>caput.</span> 
     </span>
    </p>
   </div>
   <div class='ocr_carea' id='block_1_6' title="bbox 95 2084 1559 2691">
    <p class='ocr_par' dir='ltr' id='par_1_6' title="bbox 95 2084 1559 2691">
     <span class='ocr_line' id='line_1_32' title="bbox 203 2084 1552 2128; baseline -0.003 -9"><span class='ocrx_word' id='word_1_284' title='bbox 203 2085 387 2119; x_wconf 81' lang='lat' dir='ltr'>Credimus</span> <span class='ocrx_word' id='word_1_285' title='bbox 422 2097 466 2120; x_wconf 75' lang='lat' dir='ltr'>ex</span> <span class='ocrx_word' id='word_1_286' title='bbox 497 2091 625 2119; x_wconf 81' lang='lat' dir='ltr'>natura</span> <span class='ocrx_word' id='word_1_287' title='bbox 650 2085 708 2118; x_wconf 90' lang='lat' dir='ltr'>dei</span> <span class='ocrx_word' id='word_1_288' title='bbox 742 2086 827 2118; x_wconf 91' lang='lat' dir='ltr'>oriri</span> <span class='ocrx_word' id='word_1_289' title='bbox 861 2086 981 2128; x_wconf 86' lang='lat' dir='ltr'>logum</span> <span class='ocrx_word' id='word_1_290' title='bbox 1015 2097 1078 2119; x_wconf 83' lang='lat' dir='ltr'>seu</span> <span class='ocrx_word' id='word_1_291' title='bbox 1113 2084 1261 2119; x_wconf 82' lang='lat' dir='ltr'>verbum</span> <span class='ocrx_word' id='word_1_292' title='bbox 1298 2088 1335 2116; x_wconf 86' lang='lat' dir='ltr'>et</span> <span class='ocrx_word' id='word_1_293' title='bbox 1375 2084 1552 2128; x_wconf 88' lang='lat' dir='ltr'>spiritum,</span> 
     </span>
     <span class='ocr_line' id='line_1_33' title="bbox 95 2131 1554 2177; baseline -0.003 -10"><span class='ocrx_word' id='word_1_294' title='bbox 95 2135 187 2168; x_wconf 82' lang='lat' dir='ltr'>sicut</span> <span class='ocrx_word' id='word_1_295' title='bbox 212 2144 255 2166; x_wconf 82' lang='lat' dir='ltr'>ex</span> <span class='ocrx_word' id='word_1_296' title='bbox 279 2134 360 2177; x_wconf 84' lang='lat' dir='ltr'>igne</span> <span class='ocrx_word' id='word_1_297' title='bbox 387 2133 448 2166; x_wconf 77' lang='lat' dir='ltr'>lux</span> <span class='ocrx_word' id='word_1_298' title='bbox 471 2138 509 2166; x_wconf 87' lang='lat' dir='ltr'>et</span> <span class='ocrx_word' id='word_1_299' title='bbox 532 2132 697 2166; x_wconf 82' lang='lat' dir='ltr'>caliditas</span> <span class='ocrx_word' id='word_1_300' title='bbox 723 2132 854 2166; x_wconf 76' lang='lat' dir='ltr'>existit.</span> <span class='ocrx_word' id='word_1_301' title='bbox 893 2137 929 2165; x_wconf 82' lang='lat' dir='ltr'>et</span> <span class='ocrx_word' id='word_1_302' title='bbox 953 2131 1254 2177; x_wconf 82' lang='lat' dir='ltr'>quemadmodum</span> <span class='ocrx_word' id='word_1_303' title='bbox 1280 2131 1386 2175; x_wconf 79' lang='lat' dir='ltr'>ignis,</span> <span class='ocrx_word' id='word_1_304' title='bbox 1413 2131 1554 2163; x_wconf 87' lang='lat' dir='ltr'>etiamsi</span> 
     </span>
     <span class='ocr_line' id='line_1_34' title="bbox 96 2178 1554 2224; baseline -0.003 -10"><span class='ocrx_word' id='word_1_305' title='bbox 96 2181 187 2214; x_wconf 86' lang='lat' dir='ltr'>nihil</span> <span class='ocrx_word' id='word_1_306' title='bbox 216 2180 427 2213; x_wconf 77' lang='lat' dir='ltr'>subiiciatur</span> <span class='ocrx_word' id='word_1_307' title='bbox 459 2179 557 2224; x_wconf 87' lang='lat' dir='ltr'>quod</span> <span class='ocrx_word' id='word_1_308' title='bbox 582 2180 783 2213; x_wconf 76' lang='lat' dir='ltr'>illustretur</span> <span class='ocrx_word' id='word_1_309' title='bbox 808 2184 846 2212; x_wconf 90' lang='lat' dir='ltr'>et</span> <span class='ocrx_word' id='word_1_310' title='bbox 870 2179 1012 2212; x_wconf 79' lang='lat' dir='ltr'>calefiat</span> <span class='ocrx_word' id='word_1_311' title='bbox 1046 2178 1092 2211; x_wconf 81' lang='lat' dir='ltr'>ab</span> <span class='ocrx_word' id='word_1_312' title='bbox 1124 2179 1214 2223; x_wconf 81' lang='lat' dir='ltr'>ipso,</span> <span class='ocrx_word' id='word_1_313' title='bbox 1240 2183 1361 2210; x_wconf 88' lang='lat' dir='ltr'>tamen</span> <span class='ocrx_word' id='word_1_314' title='bbox 1388 2178 1463 2222; x_wconf 87' lang='lat' dir='ltr'>ipse</span> <span class='ocrx_word' id='word_1_315' title='bbox 1491 2188 1554 2221; x_wconf 87' lang='lat' dir='ltr'>per</span> 
     </span>
     <span class='ocr_line' id='line_1_35' title="bbox 98 2222 1555 2271; baseline -0.005 -10"><span class='ocrx_word' id='word_1_316' title='bbox 98 2239 136 2261; x_wconf 87' lang='lat' dir='ltr'>se</span> <span class='ocrx_word' id='word_1_317' title='bbox 164 2237 304 2271; x_wconf 82' lang='lat' dir='ltr'>semper</span> <span class='ocrx_word' id='word_1_318' title='bbox 331 2226 440 2259; x_wconf 87' lang='lat' dir='ltr'>habet</span> <span class='ocrx_word' id='word_1_319' title='bbox 466 2226 580 2259; x_wconf 89' lang='lat' dir='ltr'>lucem</span> <span class='ocrx_word' id='word_1_320' title='bbox 606 2231 643 2259; x_wconf 89' lang='lat' dir='ltr'>et</span> <span class='ocrx_word' id='word_1_321' title='bbox 670 2225 912 2266; x_wconf 85' lang='lat' dir='ltr'>caliditatem,</span> <span class='ocrx_word' id='word_1_322' title='bbox 941 2230 978 2259; x_wconf 85' lang='lat' dir='ltr'>et</span> <span class='ocrx_word' id='word_1_323' title='bbox 1001 2224 1090 2258; x_wconf 86' lang='lat' dir='ltr'>haec</span> <span class='ocrx_word' id='word_1_324' title='bbox 1115 2225 1220 2258; x_wconf 89' lang='lat' dir='ltr'>ambo</span> <span class='ocrx_word' id='word_1_325' title='bbox 1250 2223 1382 2256; x_wconf 79' lang='lat' dir='ltr'>emittit</span> <span class='ocrx_word' id='word_1_326' title='bbox 1406 2222 1451 2255; x_wconf 90' lang='lat' dir='ltr'>ad</span> <span class='ocrx_word' id='word_1_327' title='bbox 1475 2234 1555 2262; x_wconf 88' lang='lat' dir='ltr'>nos,</span> 
     </span>
     <span class='ocr_line' id='line_1_36' title="bbox 99 2271 1556 2318; baseline -0.004 -10"><span class='ocrx_word' id='word_1_328' title='bbox 99 2274 227 2308; x_wconf 90' lang='lat' dir='ltr'>eodem</span> <span class='ocrx_word' id='word_1_329' title='bbox 254 2272 383 2313; x_wconf 80' lang='lat' dir='ltr'>modo,</span> <span class='ocrx_word' id='word_1_330' title='bbox 418 2274 526 2306; x_wconf 84' lang='lat' dir='ltr'>etiam</span> <span class='ocrx_word' id='word_1_331' title='bbox 561 2278 752 2318; x_wconf 82' lang='lat' dir='ltr'>antequam</span> <span class='ocrx_word' id='word_1_332' title='bbox 780 2273 1014 2306; x_wconf 83' lang='lat' dir='ltr'>fundamenta</span> <span class='ocrx_word' id='word_1_333' title='bbox 1042 2272 1166 2305; x_wconf 90' lang='lat' dir='ltr'>mundi</span> <span class='ocrx_word' id='word_1_334' title='bbox 1204 2271 1426 2309; x_wconf 82' lang='lat' dir='ltr'>iacerentur,</span> <span class='ocrx_word' id='word_1_335' title='bbox 1453 2275 1556 2302; x_wconf 83' lang='lat' dir='ltr'>erant</span> 
     </span>
     <span class='ocr_line' id='line_1_37' title="bbox 99 2315 1554 2365; baseline -0.004 -11"><span class='ocrx_word' id='word_1_336' title='bbox 99 2322 202 2365; x_wconf 83' lang='lat' dir='ltr'>logus</span> <span class='ocrx_word' id='word_1_337' title='bbox 228 2326 264 2353; x_wconf 90' lang='lat' dir='ltr'>et</span> <span class='ocrx_word' id='word_1_338' title='bbox 289 2320 460 2364; x_wconf 88' lang='lat' dir='ltr'>spiritus,</span> <span class='ocrx_word' id='word_1_339' title='bbox 483 2320 644 2353; x_wconf 86' lang='lat' dir='ltr'>actiones</span> <span class='ocrx_word' id='word_1_340' title='bbox 678 2319 737 2352; x_wconf 89' lang='lat' dir='ltr'>dei</span> <span class='ocrx_word' id='word_1_341' title='bbox 774 2319 977 2361; x_wconf 87' lang='lat' dir='ltr'>naturales,</span> <span class='ocrx_word' id='word_1_342' title='bbox 1016 2317 1309 2365; x_wconf 84' lang='lat' dir='ltr'>quandoquidem</span> <span class='ocrx_word' id='word_1_343' title='bbox 1340 2315 1428 2349; x_wconf 89' lang='lat' dir='ltr'>deus</span> <span class='ocrx_word' id='word_1_344' title='bbox 1455 2327 1554 2349; x_wconf 88' lang='lat' dir='ltr'>mens</span> 
     </span>
     <span class='ocr_line' id='line_1_38' title="bbox 101 2364 1555 2408; baseline -0.003 -8"><span class='ocrx_word' id='word_1_345' title='bbox 101 2373 166 2407; x_wconf 87' lang='lat' dir='ltr'>est,</span> <span class='ocrx_word' id='word_1_346' title='bbox 192 2368 283 2400; x_wconf 89' lang='lat' dir='ltr'>sicut</span> <span class='ocrx_word' id='word_1_347' title='bbox 309 2372 414 2400; x_wconf 81' lang='lat' dir='ltr'>antea</span> <span class='ocrx_word' id='word_1_348' title='bbox 455 2366 589 2399; x_wconf 82' lang='lat' dir='ltr'>dictum</span> <span class='ocrx_word' id='word_1_349' title='bbox 613 2371 678 2399; x_wconf 89' lang='lat' dir='ltr'>est.</span> <span class='ocrx_word' id='word_1_350' title='bbox 742 2365 831 2400; x_wconf 83' lang='lat' dir='ltr'>haec</span> <span class='ocrx_word' id='word_1_351' title='bbox 856 2367 938 2406; x_wconf 82' lang='lat' dir='ltr'>tria,</span> <span class='ocrx_word' id='word_1_352' title='bbox 964 2378 1062 2399; x_wconf 89' lang='lat' dir='ltr'>mens</span> <span class='ocrx_word' id='word_1_353' title='bbox 1087 2366 1189 2408; x_wconf 79' lang='lat' dir='ltr'>logus</span> <span class='ocrx_word' id='word_1_354' title='bbox 1217 2369 1254 2396; x_wconf 91' lang='lat' dir='ltr'>et</span> <span class='ocrx_word' id='word_1_355' title='bbox 1278 2364 1435 2408; x_wconf 87' lang='lat' dir='ltr'>spiritus,</span> <span class='ocrx_word' id='word_1_356' title='bbox 1462 2374 1555 2395; x_wconf 87' lang='lat' dir='ltr'>unus</span> 
     </span>
     <span class='ocr_line' id='line_1_39' title="bbox 102 2411 1552 2458; baseline -0.003 -11"><span class='ocrx_word' id='word_1_357' title='bbox 102 2414 190 2447; x_wconf 85' lang='lat' dir='ltr'>dens</span> <span class='ocrx_word' id='word_1_358' title='bbox 215 2418 282 2452; x_wconf 82' lang='lat' dir='ltr'>est,</span> <span class='ocrx_word' id='word_1_359' title='bbox 310 2413 402 2446; x_wconf 85' lang='lat' dir='ltr'>sicut</span> <span class='ocrx_word' id='word_1_360' title='bbox 443 2413 482 2446; x_wconf 90' lang='lat' dir='ltr'>in</span> <span class='ocrx_word' id='word_1_361' title='bbox 507 2424 576 2445; x_wconf 88' lang='lat' dir='ltr'>una</span> <span class='ocrx_word' id='word_1_362' title='bbox 600 2412 797 2458; x_wconf 87' lang='lat' dir='ltr'>eademque</span> <span class='ocrx_word' id='word_1_363' title='bbox 822 2413 976 2446; x_wconf 84' lang='lat' dir='ltr'>hominis</span> <span class='ocrx_word' id='word_1_364' title='bbox 1014 2413 1131 2445; x_wconf 86' lang='lat' dir='ltr'>anima</span> <span class='ocrx_word' id='word_1_365' title='bbox 1160 2416 1215 2443; x_wconf 83' lang='lat' dir='ltr'>est</span> <span class='ocrx_word' id='word_1_366' title='bbox 1241 2421 1352 2450; x_wconf 80' lang='lat' dir='ltr'>menS,</span> <span class='ocrx_word' id='word_1_367' title='bbox 1381 2415 1434 2443; x_wconf 80' lang='lat' dir='ltr'>est</span> <span class='ocrx_word' id='word_1_368' title='bbox 1463 2411 1552 2443; x_wconf 81' lang='lat' dir='ltr'>ratio</span> 
     </span>
     <span class='ocr_line' id='line_1_40' title="bbox 101 2456 1555 2503; baseline -0.003 -10"><span class='ocrx_word' id='word_1_369' title='bbox 101 2466 222 2494; x_wconf 83' lang='lat' dir='ltr'>mente</span> <span class='ocrx_word' id='word_1_370' title='bbox 247 2460 433 2492; x_wconf 85' lang='lat' dir='ltr'>intellecta</span> <span class='ocrx_word' id='word_1_371' title='bbox 450 2484 460 2499; x_wconf 86' lang='lat'><strong>,</strong></span> <span class='ocrx_word' id='word_1_372' title='bbox 488 2465 541 2493; x_wconf 84' lang='lat' dir='ltr'>est</span> <span class='ocrx_word' id='word_1_373' title='bbox 578 2459 741 2493; x_wconf 83' lang='lat' dir='ltr'>voluntas</span> <span class='ocrx_word' id='word_1_374' title='bbox 767 2461 852 2493; x_wconf 90' lang='lat' dir='ltr'>item</span> <span class='ocrx_word' id='word_1_375' title='bbox 887 2465 1007 2493; x_wconf 82' lang='lat' dir='ltr'>mente</span> <span class='ocrx_word' id='word_1_376' title='bbox 1033 2462 1224 2503; x_wconf 80' lang='lat' dir='ltr'>percepta3</span> <span class='ocrx_word' id='word_1_377' title='bbox 1252 2462 1287 2490; x_wconf 87' lang='lat' dir='ltr'>et</span> <span class='ocrx_word' id='word_1_378' title='bbox 1311 2462 1429 2490; x_wconf 85' lang='lat' dir='ltr'>tamen</span> <span class='ocrx_word' id='word_1_379' title='bbox 1453 2456 1555 2497; x_wconf 88' lang='lat' dir='ltr'>haec,</span> 
     </span>
     <span class='ocr_line' id='line_1_41' title="bbox 104 2504 1557 2552; baseline -0.003 -13"><span class='ocrx_word' id='word_1_380' title='bbox 104 2518 307 2552; x_wconf 82' lang='lat' dir='ltr'>quanquam</span> <span class='ocrx_word' id='word_1_381' title='bbox 349 2507 415 2539; x_wconf 86' lang='lat' dir='ltr'>tria</span> <span class='ocrx_word' id='word_1_382' title='bbox 439 2512 522 2539; x_wconf 87' lang='lat' dir='ltr'>sunt</span> <span class='ocrx_word' id='word_1_383' title='bbox 540 2530 550 2546; x_wconf 94' lang='lat'>‚</span> <span class='ocrx_word' id='word_1_384' title='bbox 591 2517 660 2538; x_wconf 85' lang='lat' dir='ltr'>una</span> <span class='ocrx_word' id='word_1_385' title='bbox 690 2512 743 2540; x_wconf 87' lang='lat' dir='ltr'>est</span> <span class='ocrx_word' id='word_1_386' title='bbox 769 2507 907 2539; x_wconf 90' lang='lat' dir='ltr'>ratione</span> <span class='ocrx_word' id='word_1_387' title='bbox 943 2506 1121 2538; x_wconf 75' lang='lat' dir='ltr'>essentiae</span> <span class='ocrx_word' id='word_1_388' title='bbox 1147 2515 1231 2535; x_wconf 87' lang='lat' dir='ltr'>suae</span> <span class='ocrx_word' id='word_1_389' title='bbox 1256 2504 1387 2536; x_wconf 87' lang='lat' dir='ltr'>anima.</span> <span class='ocrx_word' id='word_1_390' title='bbox 1438 2514 1557 2535; x_wconf 81' lang='lat' dir='ltr'>rursus</span> 
     </span>
     <span class='ocr_line' id='line_1_42' title="bbox 104 2551 1559 2598; baseline -0.004 -11"><span class='ocrx_word' id='word_1_391' title='bbox 104 2555 224 2597; x_wconf 82' lang='lat' dir='ltr'>logum</span> <span class='ocrx_word' id='word_1_392' title='bbox 250 2553 308 2586; x_wconf 88' lang='lat' dir='ltr'>dei</span> <span class='ocrx_word' id='word_1_393' title='bbox 348 2564 594 2597; x_wconf 83' lang='lat' dir='ltr'>nuncupamus</span> <span class='ocrx_word' id='word_1_394' title='bbox 631 2554 846 2598; x_wconf 81' lang='lat' dir='ltr'>sapientiam</span> <span class='ocrx_word' id='word_1_395' title='bbox 872 2553 930 2585; x_wconf 89' lang='lat' dir='ltr'>dei</span> <span class='ocrx_word' id='word_1_396' title='bbox 968 2558 1005 2585; x_wconf 86' lang='lat' dir='ltr'>et</span> <span class='ocrx_word' id='word_1_397' title='bbox 1033 2551 1231 2595; x_wconf 82' lang='lat' dir='ltr'>potentiam</span> <span class='ocrx_word' id='word_1_398' title='bbox 1258 2556 1293 2583; x_wconf 89' lang='lat' dir='ltr'>et</span> <span class='ocrx_word' id='word_1_399' title='bbox 1323 2552 1490 2583; x_wconf 86' lang='lat' dir='ltr'>virtutem</span> <span class='ocrx_word' id='word_1_400' title='bbox 1522 2555 1559 2582; x_wconf 92' lang='lat' dir='ltr'>et</span> 
     </span>
     <span class='ocr_line' id='line_1_43' title="bbox 107 2596 1556 2645; baseline -0.003 -13"><span class='ocrx_word' id='word_1_401' title='bbox 107 2601 218 2632; x_wconf 84' lang='lat' dir='ltr'>filium</span> <span class='ocrx_word' id='word_1_402' title='bbox 245 2599 322 2639; x_wconf 89' lang='lat' dir='ltr'>dei,</span> <span class='ocrx_word' id='word_1_403' title='bbox 360 2601 443 2644; x_wconf 77' lang='lat' dir='ltr'>quia</span> <span class='ocrx_word' id='word_1_404' title='bbox 471 2600 630 2644; x_wconf 85' lang='lat' dir='ltr'>genitum</span> <span class='ocrx_word' id='word_1_405' title='bbox 668 2599 838 2645; x_wconf 84' lang='lat' dir='ltr'>quiddam</span> <span class='ocrx_word' id='word_1_406' title='bbox 865 2604 918 2632; x_wconf 87' lang='lat' dir='ltr'>est</span> <span class='ocrx_word' id='word_1_407' title='bbox 942 2610 984 2630; x_wconf 78' lang='lat' dir='ltr'>ex</span> <span class='ocrx_word' id='word_1_408' title='bbox 1011 2603 1137 2630; x_wconf 86' lang='lat' dir='ltr'>natura</span> <span class='ocrx_word' id='word_1_409' title='bbox 1164 2598 1260 2638; x_wconf 87' lang='lat' dir='ltr'>eius,</span> <span class='ocrx_word' id='word_1_410' title='bbox 1294 2598 1386 2630; x_wconf 79' lang='lat' dir='ltr'>sicut</span> <span class='ocrx_word' id='word_1_411' title='bbox 1412 2596 1511 2640; x_wconf 86' lang='lat' dir='ltr'>quod</span> <span class='ocrx_word' id='word_1_412' title='bbox 1538 2606 1556 2627; x_wconf 87' lang='lat' dir='ltr'>e</span> 
     </span>
     <span class='ocr_line' id='line_1_44' title="bbox 107 2643 1556 2691; baseline -0.003 -11"><span class='ocrx_word' id='word_1_413' title='bbox 107 2652 235 2680; x_wconf 85' lang='lat' dir='ltr'>natura</span> <span class='ocrx_word' id='word_1_414' title='bbox 261 2646 417 2680; x_wconf 83' lang='lat' dir='ltr'>hominis</span> <span class='ocrx_word' id='word_1_415' title='bbox 440 2652 644 2691; x_wconf 82' lang='lat' dir='ltr'>generatum</span> <span class='ocrx_word' id='word_1_416' title='bbox 670 2652 733 2689; x_wconf 85' lang='lat' dir='ltr'>est,</span> <span class='ocrx_word' id='word_1_417' title='bbox 756 2646 910 2680; x_wconf 83' lang='lat' dir='ltr'>hominis</span> <span class='ocrx_word' id='word_1_418' title='bbox 936 2655 1099 2679; x_wconf 77' lang='lat' dir='ltr'>vocamus</span> <span class='ocrx_word' id='word_1_419' title='bbox 1119 2644 1244 2685; x_wconf 86' lang='lat' dir='ltr'>filium,</span> <span class='ocrx_word' id='word_1_420' title='bbox 1268 2649 1304 2677; x_wconf 92' lang='lat' dir='ltr'>et</span> <span class='ocrx_word' id='word_1_421' title='bbox 1328 2645 1418 2676; x_wconf 87' lang='lat' dir='ltr'>sicut</span> <span class='ocrx_word' id='word_1_422' title='bbox 1443 2643 1556 2676; x_wconf 78' lang='lat' dir='ltr'>homi·</span> 
     </span>
    </p>
   </div>
  </div>
 </body>
</html>
