1754 3016
654 39 1076 121 PAmrAncch,
1494 67 1558 115 89

99 172 335 230 μετεβλήθη
363 174 424 222 εἷς
450 170 525 228 τήν
550 173 688 227 σάρκα
719 170 746 228 ἦ
776 173 855 228 τὴν
884 172 1032 227 ψυχὴν
1071 176 1149 214 τοῦ
1179 173 1384 228 Χριστοῦ,
1413 167 1511 215 οῦτε
1535 172 1561 227 ἧ

100 241 210 294 σιὲρξ
244 241 322 282 τοῦ
361 241 555 293 Χριστοῦ
601 237 628 294 ἢ
669 239 842 295 ἡψυχὴ
886 241 1022 281 αὐτοῦ
1054 237 1295 294 μετετράπη
1336 240 1397 287 εἰς
1439 236 1561 292 λόγον

100 307 220 360 θεοῦ,
247 302 354 348 α’λλᾰ
392 300 446 359 ἦν
476 308 551 347 καί
575 303 690 348 ἔστιν
718 309 761 348 ἑν
788 309 847 364 τῷ
874 308 1062 362 Χριστῷ,
1104 303 1210 357 μετὰ
1242 302 1316 359 τὴν
1342 305 1560 358 §usp-9022}-

99 386 256 423 μαστον
293 370 426 414 αὐτοῦ
452 373 692 424 οἰκονομίαν
720 373 904 426 ἐκείνην,
942 370 963 412 ὃ
991 373 1069 422 μὲν
1100 372 1177 411 τοῦ
1205 373 1311 411 θεοῦ
1341 371 1461 425 λόγος
1488 369 1559 412 λό-

69 444 187 489 ὅγος,
214 434 240 488 ἧ
266 436 320 478 ’δὲ
349 433 625 490 α’νθρωπότης
664 436 954 491 α’νθρωπότης.
1026 435 1101 476 κατ’
1126 430 1192 476 ὅτι
1219 431 1271 476 οὗ
1300 439 1561 490 προσέλαβεν

102 499 127 554 ἧ
166 499 442 555 ἅνθρωπότης
485 503 561 542 τοῦ
607 503 800 553 Χριστοῦ
838 500 913 554 τὴν
955 499 1163 555 θεότητα,
1206 502 1299 541 ἀλλ’
1339 501 1364 554 ἦ
1409 501 1562 557 θεότης

100 567 180 606 τοῦ
225 563 346 618 λόγου
394 566 471 606 τοῦ
523 567 629 606 θεοῦ
671 568 906 619 προσέλαβε
961 564 1036 618 τήν
1084 565 1354 620 α’νθρωπείαν
1408 567 1561 622 φύσιν,

100 632 147 672 ἑν
186 631 303 687 αὐτῷ
343 634 403 687 τῷ
443 633 769 686 προσληφθῆναι
813 633 1040 676 συστᾶσαν.
1106 634 1191 673 πᾶν
1233 628 1337 686 ὅπερ
1379 630 1493 674 ἐστὶν
1518 630 1564 674 ἐν

99 697 157 752 τῷ
187 696 275 752 θεῷ
309 693 383 736 καὶ
424 695 470 736 ἑκ
514 698 589 736 τοῦ
626 697 754 750 θεοῦ,
797 699 987 751 φυσικαῖς
1026 696 1127 744 θεός
1169 697 1300 748 ἐστιν,
1339 697 1444 745 διότι
1486 697 1563 737 οῦκ

44 759 212 810 Ιθὲστιν
237 762 283 803 ἐν
305 763 363 818 ’τῷ
394 763 480 816 θεῷ
508 761 784 816 συμβεβηκός.
862 764 934 803 καί
961 762 1033 804 διὸ
1062 764 1187 804 τοῦτο
1220 761 1291 804 τὸν
1318 763 1466 818 νοητὸν
1496 761 1563 804 λό-

98 842 173 881 γον
198 828 274 869 τοῦ
302 829 407 868 θεοῦ
450 826 553 868 θεὸν
591 826 850 879 ὄνομάζομεν
899 830 972 869 καί
1013 825 1280 880 πιστεύομεν.
1350 829 1425 871 καὶ
1453 829 1562 871 διότι

99 887 226 942 οἶτος
271 891 305 933 ὅ.
334 892 456 946 λόγος
502 895 577 934 τοῦ
606 895 713 934 θεοῦ
756 888 807 947 ἦν
835 890 880 935 ἐν
914 897 971 950 τῷ
997 897 1201 951 Χριστῷ,
1228 894 1299 936 διὰ
1333 898 1458 937 τοῦτο
1489 894 1564 937 τόν

99 956 291 1011 Χριστόν
317 956 418 1000 θεὸν
447 957 521 1000 κατ’
547 954 772 1011 ἄνθρωπον
801 958 1101 1014 ὁμολογοῦμεν,
1130 956 1356 1014 ἄνθρωπον
1383 963 1462 1013 μὲν
1490 959 1562 1001 διὰ

100 1022 179 1078 τὴν
211 1023 359 1079 ψυχὴν
397 1026 471 1066 κατ’
503 1023 548 1066 τὸ
578 1027 727 1079 σῶμα,
763 1023 860 1066 θεὸν
904 1027 951 1067 δὲ
989 1026 1061 1067 διὰ
1102 1025 1174 1068 τόν
1217 1028 1262 1068 ἑν
1294 1026 1412 1083 αὐτῷ
1441 1024 1564 1081 λόγον

46 1091 178 1132 15τοῦ
206 1091 324 1131 θεοῦ.

210 1153 269 1197 θ’.
328 1155 601 1209 Πιστειῖομεν
628 1154 694 1198 ὅτι
722 1157 743 1198 ό
772 1156 892 1211 λόγος
910 1160 988 1200 τοῦ
1023 1159 1128 1200 θεοῦ
1156 1154 1206 1214 ἦν
1232 1159 1278 1200 ἑν
1306 1161 1364 1215 τῷ
1390 1161 1566 1216 Χριστῷ

101 1221 176 1263 καί
205 1222 250 1263 ἐν
277 1223 335 1278 τῷ
361 1221 502 1280 κόσμῳ
532 1225 604 1264 καί
634 1222 680 1264 ἐν
707 1225 768 1281 τῷ
798 1223 964 1281 οὐρανῷ
1004 1227 1079 1266 καί
1109 1223 1152 1266 ἐν
1186 1227 1242 1281 τῷ
1269 1227 1359 1282 θεῷ
1382 1225 1457 1266 καί
1479 1242 1567 1266 πα-

100 1287 181 1340 τρί,
210 1286 318 1329 διότι
348 1284 370 1327 ό
396 1287 518 1342 λόγος
545 1291 620 1331 τοῦ
637 1291 742 1330 θεοῦ
760 1290 871 1332 ἐστίν
889 1286 1077 1345 ἄπειρος,
1105 1288 1243 1345 ὥσπερ
1274 1290 1296 1331 ὖ
1325 1289 1425 1340 θεὸς
1454 1291 1566 1332 ἐστίν

103 1348 299 1408 ἄπειρος,
348 1352 369 1394 ό
399 1357 551 1407 γεννῶν
589 1354 716 1396 αὐτὸν
759 1351 887 1410 ἤγουν
926 1360 1052 1408 νοῶν,
1081 1356 1153 1398 καί
1180 1352 1356 1412 ἄπειρον
1385 1355 1565 1408 δύναμιν

45 1415 228 1471 2θὲχων.
283 1418 393 1472 πλὴν
431 1421 477 1461 ἐν
516 1422 573 1477 τῷ
600 1423 686 1476 θεῷ
727 1420 834 1462 κατὰ
875 1418 1000 1462 ἄλλον
1042 1422 1202 1476 πρόπον
1230 1417 1303 1478 ἦν,
1332 1425 1407 1464 καί
1434 1423 1479 1463 ἐν
1506 1423 1565 1478 τῷ

103 1485 279 1540 Χριστῷ
305 1483 412 1527 κατὰ
443 1482 583 1539 ἄλλον,
611 1486 685 1528 καί
716 1487 761 1528 ἐν
789 1489 846 1544 τῷ
871 1486 1015 1544 κόσμῳ
1043 1490 1150 1529 κατὰ
1181 1484 1323 1530 ἄλλον.

217 1549 258 1591 ι’.
315 1550 586 1602 Πιστεύομεν
615 1549 694 1607 ὅτι,
724 1550 825 1594 ὅταν
862 1551 884 1593 ὅ
914 1554 1014 1601 θεὸς
1041 1554 1214 1611 κοινωνῇ
1240 1555 1314 1609 τῆς
1345 1550 1564 1609 ἅγαθότη-

196 1643 233 1677 4.
254 1644 404 1678 alterum
429 1645 538 1691 λόγος
563 1652 600 1680 ει
623 1647 655 1680 5.
684 1648 835 1680 alterum
864 1647 1112 1693 ἀνθρωπότης
1138 1648 1207 1682 add
1233 1648 1258 1682 P
1354 1648 1411 1683 18.
1437 1649 1564 1696 ὥσπερ

198 1711 244 1718 -
269 1689 440 1738 ἄπειρος]
468 1697 532 1727 καὶ
552 1693 575 1727 Ρ
699 1693 752 1728 19.
783 1693 802 1729 ὅ
831 1695 878 1728 P:
910 1696 1018 1739 vulgo
1046 1693 1091 1734 ὃς
1209 1695 1326 1741 ἤγουν
1351 1695 1371 1732 ὁ
1395 1699 1496 1732 νοῶν
1515 1699 1541 1732 Ρ

106 1784 238 1818 Christi
267 1793 330 1820 aut
347 1788 464 1820 anima
499 1789 576 1820 eius
612 1799 781 1822 conversa
814 1790 848 1822 in
880 1790 1000 1834 logum
1038 1789 1115 1823 dei:
1161 1790 1224 1824 sed
1258 1797 1335 1824 erat
1371 1796 1408 1824 et
1446 1793 1563 1826 estin

108 1832 278 1875 Christo,
302 1840 387 1879 post
412 1835 509 1867 illam
536 1837 614 1868 eius
639 1847 773 1869 summe
797 1836 1039 1872 admirandam
1057 1837 1379 1882 dispensationem,
1403 1844 1477 1871 tum
1502 1839 1562 1872 dei

108 1879 211 1923 logus
238 1880 352 1923 logne,
375 1886 451 1915 tum
475 1880 677 1915 humanitas
703 1882 918 1917 humanitas.
975 1895 1042 1916 nec
1066 1886 1174 1917 etiam
1198 1884 1402 1918 humanitas
1430 1885 1564 1919 Christi

109 1925 333 1960 divinitatem
369 1929 581 1973 assumpsit,
607 1929 669 1962 sed
711 1929 880 1963 divinitas
906 1931 975 1976 logi
1005 1930 1063 1963 dei
1089 1936 1251 1964 naturam
1278 1931 1468 1964 humanam
1499 1944 1561 1966 as-

108 1974 284 2018 sumpsit,
323 1975 360 2006 in
388 1975 463 2019 ipsa
494 1975 697 2009 assumendi
723 1977 865 2010 actione
891 1983 1185 2021 coagmentatam.
1234 1979 1407 2024 quicquid
1429 1980 1466 2012 in
1491 1979 1561 2013 deo

108 2025 162 2052 est
188 2025 225 2053 ει
261 2031 304 2053 ex
343 2019 434 2061 deo,
468 2027 595 2054 natura
631 2022 718 2055 deus
754 2029 831 2064 est,
856 2025 940 2069 quia
966 2025 1105 2057 nullum
1136 2026 1172 2057 in
1203 2024 1275 2058 deo
1303 2025 1469 2058 accidens
1496 2032 1561 2060 est.

106 2065 212 2106 ideo,
251 2068 314 2112 qui
339 2068 405 2100 sub
430 2069 708 2112 intelligentiam
740 2070 854 2112 cadit,
879 2072 1010 2116 ‚logum
1045 2071 1104 2104 dei
1140 2072 1246 2104 deum
1274 2072 1498 2105 nominamus
1526 2078 1564 2106 et

105 2112 292 2146 credimus.
342 2120 379 2147 et
402 2115 486 2160 quia
509 2115 570 2148 hic
592 2115 651 2149 dei
674 2117 774 2160 logus
797 2123 873 2150 erat
899 2118 935 2151 in
958 2118 1115 2158 Christo,
1142 2118 1225 2151 ideo
1249 2118 1427 2151 Christum
1456 2119 1562 2153 deum

109 2164 145 2192 et
168 2159 350 2193 hominem
374 2161 594 2202 confitemur,
619 2163 800 2196 hominem
828 2164 973 2209 quidem
1007 2170 1156 2210 propter
1178 2165 1330 2198 animam
1357 2171 1394 2199 et
1418 2178 1561 2212 corpuS,

107 2205 213 2239 deum
255 2217 339 2240 vero
362 2214 511 2253 propter
544 2209 601 2242 dei
638 2211 757 2254 logum
776 2235 786 2251 ,
813 2212 875 2257 qui
903 2212 941 2245 in
969 2213 1049 2257 ipso
1075 2218 1139 2246 est.

344 2264 525 2300 Hactenus
551 2273 712 2301 octavum
738 2275 854 2314 caput.

200 2320 385 2355 Credimus
423 2324 540 2367 logum
580 2324 637 2358 dei
679 2325 790 2359 fuisse
830 2327 866 2360 in
891 2327 1032 2360 christo
1070 2333 1106 2360 et
1145 2328 1182 2359 in
1218 2326 1350 2359 mundo
1385 2332 1495 2372 atque
1524 2327 1562 2361 in

108 2368 207 2400 caelo
243 2373 281 2400 et
319 2369 355 2400 in
386 2369 453 2402 deo
492 2376 604 2414 patre,
632 2375 800 2417 quoniam
845 2375 944 2418 logus
983 2374 1040 2407 dei
1067 2380 1122 2407 est
1147 2373 1321 2414 infinitus,
1357 2375 1448 2407 sicut
1474 2374 1561 2407 deus

109 2414 210 2447 nullo
238 2415 309 2447 fine
335 2415 537 2457 clauditur,
578 2420 640 2463 qui
667 2426 812 2462 generat
835 2433 928 2462 eum,
958 2421 995 2453 id
1023 2426 1077 2453 est
1110 2420 1294 2463 intelligit,
1321 2427 1357 2453 et
1383 2421 1560 2454 infinitam

109 2461 310 2504 potentiam
337 2462 455 2496 habet.
514 2471 746 2502 veruntamen
772 2468 810 2500 in
844 2467 912 2501 deo
939 2469 1011 2500 alio
1039 2467 1144 2500 modo
1175 2473 1264 2506 erat,
1294 2473 1331 2500 et
1358 2469 1394 2500 in
1422 2468 1561 2501 Christo

110 2507 195 2548 alio,
221 2508 379 2554 itemque
404 2510 439 2542 in
465 2511 599 2544 mundo
626 2512 712 2545 alio.

343 2567 520 2600 Hactenus
546 2581 680 2602 nonum
708 2577 824 2614 caput.

226 2622 410 2658 Credimus
429 2651 440 2665 ,
482 2626 627 2671 quando
656 2627 744 2660 deus
770 2628 813 2660 <le
842 2628 1004 2660 bonitate
1043 2639 1102 2660 sua
1131 2634 1165 2660 et
1194 2628 1304 2671 gratia
1332 2640 1410 2660 cnm
1437 2627 1561 2672 aliquo
