<?xml version="1.0" encoding="UTF-8"?>
<!DOCTYPE html PUBLIC "-//W3C//DTD XHTML 1.0 Transitional//EN"
    "http://www.w3.org/TR/xhtml1/DTD/xhtml1-transitional.dtd">
<html xmlns="http://www.w3.org/1999/xhtml" xml:lang="en" lang="en">
 <head>
  <title>
</title>
<meta http-equiv="Content-Type" content="text/html;charset=utf-8" />
  <meta name='ocr-system' content='tesseract 3.04.00' />
  <meta name='ocr-capabilities' content='ocr_page ocr_carea ocr_par ocr_line ocrx_word'/>
</head>
<body>
  <div class='ocr_page' id='page_1' title='image "./corpusscriptorum22niebuoft_0017.png"; bbox 0 0 1754 3016; ppageno 0'>
   <div class='ocr_carea' id='block_1_1' title="bbox 670 75 1542 122">
    <p class='ocr_par' dir='ltr' id='par_1_1' title="bbox 670 75 1542 122">
     <span class='ocr_line' id='line_1_1' title="bbox 670 75 1542 122; baseline 0.001 -3"><span class='ocrx_word' id='word_1_1' title='bbox 670 75 943 122; x_wconf 74' lang='lat' dir='ltr'>POLITICA.</span> <span class='ocrx_word' id='word_1_2' title='bbox 1514 76 1542 120; x_wconf 90' lang='grc'>7</span> 
     </span>
    </p>
   </div>
   <div class='ocr_carea' id='block_1_2' title="bbox 13 172 1550 1547">
    <p class='ocr_par' dir='ltr' id='par_1_2' title="bbox 81 172 1545 426">
     <span class='ocr_line' id='line_1_2' title="bbox 89 172 1545 235; baseline 0.002 -17"><span class='ocrx_word' id='word_1_3' title='bbox 89 172 162 218; x_wconf 78' lang='grc' dir='ltr'>καὶ</span> <span class='ocrx_word' id='word_1_4' title='bbox 183 177 241 232; x_wconf 74' lang='grc' dir='ltr'>τῷ</span> <span class='ocrx_word' id='word_1_5' title='bbox 275 175 485 228; x_wconf 75' lang='grc' dir='ltr'>δυστυχεῖ</span> <span class='ocrx_word' id='word_1_6' title='bbox 508 175 756 234; x_wconf 78' lang='grc' dir='ltr'><strong><em>Ἀνδρονίκῳ</em></strong></span> <span class='ocrx_word' id='word_1_7' title='bbox 786 177 865 232; x_wconf 79' lang='grc' dir='ltr'>τὴν</span> <span class='ocrx_word' id='word_1_8' title='bbox 885 177 1216 232; x_wconf 82' lang='grc' dir='ltr'><strong><em>Θεσσαλονίκην,</em></strong></span> <span class='ocrx_word' id='word_1_9' title='bbox 1245 174 1293 227; x_wconf 74' lang='grc' dir='ltr'><strong><em>ὃς</em></strong></span> <span class='ocrx_word' id='word_1_10' title='bbox 1315 177 1456 220; x_wconf 77' lang='grc' dir='ltr'><strong><em>πεσών</em></strong></span> <span class='ocrx_word' id='word_1_11' title='bbox 1486 177 1545 235; x_wconf 71' lang='grc' dir='ltr'>τῷ</span> 
     </span>
     <span class='ocr_line' id='line_1_3' title="bbox 82 238 1544 298; baseline 0.002 -15"><span class='ocrx_word' id='word_1_12' title='bbox 82 239 214 283; x_wconf 74' lang='grc' dir='ltr'><strong><em>πάθει</em></strong></span> <span class='ocrx_word' id='word_1_13' title='bbox 240 242 314 295; x_wconf 84' lang='grc' dir='ltr'><strong><em>τῆς</em></strong></span> <span class='ocrx_word' id='word_1_14' title='bbox 337 238 671 295; x_wconf 68' lang='grc' dir='ltr'><strong><em>ἐλεφαντιάσεως</em></strong></span> <span class='ocrx_word' id='word_1_15' title='bbox 697 239 914 296; x_wconf 72' lang='grc' dir='ltr'>ἐπώλησεν</span> <span class='ocrx_word' id='word_1_16' title='bbox 935 241 1070 298; x_wconf 68' lang='grc' dir='ltr'><strong><em>αὐτὴν</em></strong></span> <span class='ocrx_word' id='word_1_17' title='bbox 1098 242 1174 297; x_wconf 75' lang='grc' dir='ltr'>τὴν</span> <span class='ocrx_word' id='word_1_18' title='bbox 1201 245 1418 298; x_wconf 76' lang='grc' dir='ltr'>περιφανῆ</span> <span class='ocrx_word' id='word_1_19' title='bbox 1434 245 1544 286; x_wconf 83' lang='grc' dir='ltr'><strong><em>Θεσ-</em></strong></span> 
     </span>
     <span class='ocr_line' id='line_1_4' title="bbox 81 303 1544 362; baseline 0.001 -13"><span class='ocrx_word' id='word_1_20' title='bbox 81 308 304 362; x_wconf 75' lang='grc' dir='ltr'><strong><em>σαλονίκην</em></strong></span> <span class='ocrx_word' id='word_1_21' title='bbox 331 306 403 347; x_wconf 81' lang='grc' dir='ltr'>διὰ</span> <span class='ocrx_word' id='word_1_22' title='bbox 434 305 632 359; x_wconf 79' lang='grc' dir='ltr'><strong><em>χιλιάδας</em></strong></span> <span class='ocrx_word' id='word_1_23' title='bbox 657 308 875 360; x_wconf 78' lang='grc' dir='ltr'><strong><em>χρυοίνων</em></strong></span> <span class='ocrx_word' id='word_1_24' title='bbox 903 307 1179 362; x_wconf 76' lang='grc' dir='ltr'><strong><em>πεντήκοντα,</em></strong></span> <span class='ocrx_word' id='word_1_25' title='bbox 1209 310 1254 360; x_wconf 79' lang='grc' dir='ltr'>ἑξ</span> <span class='ocrx_word' id='word_1_26' title='bbox 1289 303 1349 351; x_wconf 71' lang='grc' dir='ltr'>ὧν</span> <span class='ocrx_word' id='word_1_27' title='bbox 1381 307 1433 355; x_wconf 76' lang='grc' dir='ltr'>τὰ</span> <span class='ocrx_word' id='word_1_28' title='bbox 1464 310 1544 362; x_wconf 83' lang='grc' dir='ltr'>μὲν</span> 
     </span>
     <span class='ocr_line' id='line_1_5' title="bbox 81 369 1545 426; baseline 0.002 -13"><span class='ocrx_word' id='word_1_29' title='bbox 81 378 170 421; x_wconf 83' lang='grc' dir='ltr'><strong><em>τοῖς</em></strong></span> <span class='ocrx_word' id='word_1_30' title='bbox 194 369 363 422; x_wconf 77' lang='grc' dir='ltr'><strong><em>κόλαξιν</em></strong></span> <span class='ocrx_word' id='word_1_31' title='bbox 389 370 630 426; x_wconf 74' lang='grc' dir='ltr'><strong><em>ἐδωρήσατο</em></strong></span> <span class='ocrx_word' id='word_1_32' title='bbox 659 377 744 421; x_wconf 84' lang='grc' dir='ltr'><strong><em>τοῖς</em></strong></span> <span class='ocrx_word' id='word_1_33' title='bbox 769 378 858 425; x_wconf 86' lang='grc' dir='ltr'><strong><em>μετ’</em></strong></span> <span class='ocrx_word' id='word_1_34' title='bbox 890 374 1040 426; x_wconf 66' lang='grc' dir='ltr'><strong><em>αὕτοῦ,</em></strong></span> <span class='ocrx_word' id='word_1_35' title='bbox 1073 372 1125 415; x_wconf 69' lang='lat' dir='ltr'>tri</span> <span class='ocrx_word' id='word_1_36' title='bbox 1159 375 1206 415; x_wconf 82' lang='grc' dir='ltr'>δὲ</span> <span class='ocrx_word' id='word_1_37' title='bbox 1230 376 1433 426; x_wconf 89' lang='grc' dir='ltr'><strong><em>μείναντα</em></strong></span> <span class='ocrx_word' id='word_1_38' title='bbox 1462 378 1545 416; x_wconf 85' lang='grc' dir='ltr'><strong><em>λα-</em></strong></span> 
     </span>
    </p>

    <p class='ocr_par' dir='ltr' id='par_1_3' title="bbox 48 434 1550 558">
     <span class='ocr_line' id='line_1_6' title="bbox 48 434 1550 496; baseline 0.001 -15"><span class='ocrx_word' id='word_1_39' title='bbox 48 436 169 489; x_wconf 74' lang='grc' dir='ltr'><strong><em>5βών</em></strong></span> <span class='ocrx_word' id='word_1_40' title='bbox 199 436 392 491; x_wconf 77' lang='grc' dir='ltr'><em>ἀπῆλθεν</em></span> <span class='ocrx_word' id='word_1_41' title='bbox 418 434 465 478; x_wconf 85' lang='grc' dir='ltr'>ἕν</span> <span class='ocrx_word' id='word_1_42' title='bbox 491 452 572 478; x_wconf 83' lang='grc' dir='ltr'><strong><em>τινι</em></strong></span> <span class='ocrx_word' id='word_1_43' title='bbox 594 439 862 496; x_wconf 79' lang='grc' dir='ltr'><strong><em>μοναστηρίῳ</em></strong></span> <span class='ocrx_word' id='word_1_44' title='bbox 907 440 983 481; x_wconf 81' lang='grc' dir='ltr'><strong><em>τοῦ</em></strong></span> <span class='ocrx_word' id='word_1_45' title='bbox 1023 436 1146 494; x_wconf 76' lang='grc' dir='ltr'><strong><em>ἇγίου</em></strong></span> <span class='ocrx_word' id='word_1_46' title='bbox 1176 435 1327 495; x_wconf 78' lang='grc' dir='ltr'><strong><em>ὅρους,</em></strong></span> <span class='ocrx_word' id='word_1_47' title='bbox 1356 441 1430 482; x_wconf 82' lang='grc' dir='ltr'><strong><em>καί</em></strong></span> <span class='ocrx_word' id='word_1_48' title='bbox 1457 441 1550 482; x_wconf 77' lang='grc' dir='ltr'><strong><em>ἐκεῖ</em></strong></span> 
     </span>
     <span class='ocr_line' id='line_1_7' title="bbox 81 500 546 558; baseline -0.002 -15"><span class='ocrx_word' id='word_1_49' title='bbox 81 500 129 543; x_wconf 82' lang='grc' dir='ltr'>τό</span> <span class='ocrx_word' id='word_1_50' title='bbox 159 503 238 558; x_wconf 84' lang='grc' dir='ltr'>ζῆν</span> <span class='ocrx_word' id='word_1_51' title='bbox 263 503 546 557; x_wconf 77' lang='grc' dir='ltr'><strong><em>ἔξεμέτρησεν,</em></strong></span> 
     </span>
    </p>

    <p class='ocr_par' dir='ltr' id='par_1_4' title="bbox 78 560 1541 758">
     <span class='ocr_line' id='line_1_8' title="bbox 210 560 1541 624; baseline 0.002 -14"><span class='ocrx_word' id='word_1_52' title='bbox 210 566 485 616; x_wconf 70' lang='grc' dir='ltr'><strong><em>Ἀπελθόντος</em></strong></span> <span class='ocrx_word' id='word_1_53' title='bbox 515 560 592 608; x_wconf 71' lang='grc' dir='ltr'>οὖν</span> <span class='ocrx_word' id='word_1_54' title='bbox 618 565 738 610; x_wconf 70' lang='grc' dir='ltr'><strong><em>κατὰ,</em></strong></span> <span class='ocrx_word' id='word_1_55' title='bbox 759 569 1069 624; x_wconf 78' lang='grc' dir='ltr'><strong><em>Θεσσαλονίκης</em></strong></span> <span class='ocrx_word' id='word_1_56' title='bbox 1096 572 1174 612; x_wconf 78' lang='grc' dir='ltr'><strong><em>τοῦ</em></strong></span> <span class='ocrx_word' id='word_1_57' title='bbox 1199 569 1384 612; x_wconf 77' lang='grc' dir='ltr'><strong><em>σουλτοὶν</em></strong></span> <span class='ocrx_word' id='word_1_58' title='bbox 1412 573 1541 612; x_wconf 81' lang='lat' dir='ltr'>Mov-</span> 
     </span>
     <span class='ocr_line' id='line_1_9' title="bbox 79 631 1540 691; baseline 0.001 -17"><span class='ocrx_word' id='word_1_59' title='bbox 79 633 184 688; x_wconf 80' lang='grc' dir='ltr'>ροὶτη</span> <span class='ocrx_word' id='word_1_60' title='bbox 212 631 362 676; x_wconf 77' lang='grc' dir='ltr'><strong><em>τούτου</em></strong></span> <span class='ocrx_word' id='word_1_61' title='bbox 390 631 465 674; x_wconf 76' lang='grc' dir='ltr'>καί</span> <span class='ocrx_word' id='word_1_62' title='bbox 493 633 842 688; x_wconf 72' lang='grc' dir='ltr'><strong><em>πολιορκήσαντος</em></strong></span> <span class='ocrx_word' id='word_1_63' title='bbox 858 632 1004 690; x_wconf 71' lang='grc' dir='ltr'><strong><em>αὕτήν,</em></strong></span> <span class='ocrx_word' id='word_1_64' title='bbox 1032 636 1251 690; x_wconf 79' lang='grc' dir='ltr'><strong><em>ἐκυρίευσε</em></strong></span> <span class='ocrx_word' id='word_1_65' title='bbox 1277 637 1436 691; x_wconf 78' lang='grc' dir='ltr'><strong><em>ταύτης</em></strong></span> <span class='ocrx_word' id='word_1_66' title='bbox 1458 651 1540 677; x_wconf 82' lang='grc' dir='ltr'>πο-</span> 
     </span>
     <span class='ocr_line' id='line_1_10' title="bbox 78 699 1539 758; baseline 0.003 -18"><span class='ocrx_word' id='word_1_67' title='bbox 78 699 205 756; x_wconf 72' lang='grc' dir='ltr'><strong><em>λέμῳ,</em></strong></span> <span class='ocrx_word' id='word_1_68' title='bbox 233 699 445 742; x_wconf 71' lang='grc' dir='ltr'><strong><em>ἀπέκτεινε</em></strong></span> <span class='ocrx_word' id='word_1_69' title='bbox 471 699 519 741; x_wconf 80' lang='grc' dir='ltr'>δὲ</span> <span class='ocrx_word' id='word_1_70' title='bbox 540 701 699 754; x_wconf 74' lang='grc' dir='ltr'><strong><em>πλῆθος</em></strong></span> <span class='ocrx_word' id='word_1_71' title='bbox 718 701 927 753; x_wconf 75' lang='grc' dir='ltr'><strong><em>Γραικῶν,</em></strong></span> <span class='ocrx_word' id='word_1_72' title='bbox 961 702 1109 751; x_wconf 83' lang='grc' dir='ltr'><strong><em>οἵτινες</em></strong></span> <span class='ocrx_word' id='word_1_73' title='bbox 1138 703 1398 755; x_wconf 74' lang='grc' dir='ltr'><strong><em>ἀντέστησαν</em></strong></span> <span class='ocrx_word' id='word_1_74' title='bbox 1425 704 1539 758; x_wconf 73' lang='grc' dir='ltr'>αὐτῷ</span> 
     </span>
    </p>

    <p class='ocr_par' dir='ltr' id='par_1_5' title="bbox 23 759 1538 1087">
     <span class='ocr_line' id='line_1_11' title="bbox 23 759 1537 821; baseline 0.004 -19"><span class='ocrx_word' id='word_1_75' title='bbox 23 769 67 803; x_wconf 86' lang='grc'>10</span> <span class='ocrx_word' id='word_1_76' title='bbox 78 759 186 814; x_wconf 77' lang='grc' dir='ltr'><strong><em>δ’λως</em></strong></span> <span class='ocrx_word' id='word_1_77' title='bbox 214 767 506 820; x_wconf 75' lang='grc' dir='ltr'><strong><em>προσκυνῆσαι</em></strong></span> <span class='ocrx_word' id='word_1_78' title='bbox 531 763 590 819; x_wconf 73' lang='grc' dir='ltr'>μὴ</span> <span class='ocrx_word' id='word_1_79' title='bbox 620 767 922 819; x_wconf 79' lang='grc' dir='ltr'><strong><em>βουληθέντες,</em></strong></span> <span class='ocrx_word' id='word_1_80' title='bbox 949 768 992 809; x_wconf 85' lang='grc' dir='ltr'>εἰ</span> <span class='ocrx_word' id='word_1_81' title='bbox 1016 766 1091 808; x_wconf 78' lang='grc' dir='ltr'>καί</span> <span class='ocrx_word' id='word_1_82' title='bbox 1118 766 1251 809; x_wconf 82' lang='grc' dir='ltr'><strong><em>πολλοὶ</em></strong></span> <span class='ocrx_word' id='word_1_83' title='bbox 1289 766 1537 821; x_wconf 71' lang='grc' dir='ltr'><strong><em>ὑπισχνεῖτο</em></strong></span> 
     </span>
     <span class='ocr_line' id='line_1_12' title="bbox 75 828 1538 888; baseline 0.002 -16"><span class='ocrx_word' id='word_1_84' title='bbox 75 831 237 880; x_wconf 70' lang='grc' dir='ltr'><strong><em>αὕτοῖς.</em></strong></span> <span class='ocrx_word' id='word_1_85' title='bbox 293 828 332 872; x_wconf 76' lang='grc' dir='ltr'><strong><em>οἱ</em></strong></span> <span class='ocrx_word' id='word_1_86' title='bbox 361 831 407 871; x_wconf 83' lang='grc' dir='ltr'>δὲ</span> <span class='ocrx_word' id='word_1_87' title='bbox 423 835 606 873; x_wconf 84' lang='grc' dir='ltr'><strong><em>Λατῖνοι</em></strong></span> <span class='ocrx_word' id='word_1_88' title='bbox 633 829 790 886; x_wconf 78' lang='grc' dir='ltr'><strong><em>ἔφυγον</em></strong></span> <span class='ocrx_word' id='word_1_89' title='bbox 817 834 1024 888; x_wconf 85' lang='grc' dir='ltr'><strong><em>κρυφίως,</em></strong></span> <span class='ocrx_word' id='word_1_90' title='bbox 1050 836 1261 887; x_wconf 72' lang='grc' dir='ltr'><strong><em>γυναικῶν</em></strong></span> <span class='ocrx_word' id='word_1_91' title='bbox 1289 836 1421 888; x_wconf 84' lang='grc' dir='ltr'><strong><em>δίκην,</em></strong></span> <span class='ocrx_word' id='word_1_92' title='bbox 1447 834 1538 875; x_wconf 80' lang='grc' dir='ltr'><strong><em>ὀλί-</em></strong></span> 
     </span>
     <span class='ocr_line' id='line_1_13' title="bbox 73 891 1534 951; baseline 0.003 -15"><span class='ocrx_word' id='word_1_93' title='bbox 73 911 138 949; x_wconf 78' lang='grc' dir='ltr'><strong><em>γοι</em></strong></span> <span class='ocrx_word' id='word_1_94' title='bbox 165 891 295 944; x_wconf 77' lang='grc' dir='ltr'><strong><em>ὄντες.</em></strong></span> <span class='ocrx_word' id='word_1_95' title='bbox 368 894 530 938; x_wconf 70' lang='grc' dir='ltr'><strong><em>ἔπαθον</em></strong></span> <span class='ocrx_word' id='word_1_96' title='bbox 575 898 622 938; x_wconf 84' lang='grc' dir='ltr'>δὲ</span> <span class='ocrx_word' id='word_1_97' title='bbox 669 895 707 938; x_wconf 78' lang='grc' dir='ltr'><strong><em>οἱ</em></strong></span> <span class='ocrx_word' id='word_1_98' title='bbox 751 898 1008 951; x_wconf 69' lang='grc' dir='ltr'><strong><em>αΰτόχθονες</em></strong></span> <span class='ocrx_word' id='word_1_99' title='bbox 1038 900 1363 949; x_wconf 80' lang='grc' dir='ltr'><strong><em>Θεσσαλονικεῖς</em></strong></span> <span class='ocrx_word' id='word_1_100' title='bbox 1399 898 1534 941; x_wconf 79' lang='grc' dir='ltr'><strong><em>πολλοὶ</em></strong></span> 
     </span>
     <span class='ocr_line' id='line_1_14' title="bbox 74 959 1535 1018; baseline 0.003 -16"><span class='ocrx_word' id='word_1_101' title='bbox 74 959 207 1014; x_wconf 73' lang='grc' dir='ltr'><strong><em>δεινά,</em></strong></span> <span class='ocrx_word' id='word_1_102' title='bbox 237 959 405 1018; x_wconf 81' lang='grc' dir='ltr'><strong><em>φόνους,</em></strong></span> <span class='ocrx_word' id='word_1_103' title='bbox 435 963 732 1016; x_wconf 76' lang='grc' dir='ltr'><strong><em>αἰχμαλωσίας</em></strong></span> <span class='ocrx_word' id='word_1_104' title='bbox 749 994 763 1015; x_wconf 92' lang='grc'><em>,</em></span> <span class='ocrx_word' id='word_1_105' title='bbox 808 963 885 1017; x_wconf 73' lang='grc' dir='ltr'>τὴν</span> <span class='ocrx_word' id='word_1_106' title='bbox 911 966 958 1006; x_wconf 83' lang='grc' dir='ltr'>ἐκ</span> <span class='ocrx_word' id='word_1_107' title='bbox 984 964 1117 1006; x_wconf 87' lang='grc' dir='ltr'><strong><em>τόπου</em></strong></span> <span class='ocrx_word' id='word_1_108' title='bbox 1151 967 1212 1015; x_wconf 77' lang='grc' dir='ltr'><strong><em>εἰς</em></strong></span> <span class='ocrx_word' id='word_1_109' title='bbox 1241 966 1367 1008; x_wconf 86' lang='grc' dir='ltr'><strong><em>τόπον</em></strong></span> <span class='ocrx_word' id='word_1_110' title='bbox 1395 967 1535 1018; x_wconf 76' lang='grc' dir='ltr'><strong><em>α’πεμ-</em></strong></span> 
     </span>
     <span class='ocr_line' id='line_1_15' title="bbox 73 1026 1533 1087; baseline 0.004 -20"><span class='ocrx_word' id='word_1_111' title='bbox 73 1026 265 1082; x_wconf 87' lang='grc' dir='ltr'><strong><em>πόλησιν,</em></strong></span> <span class='ocrx_word' id='word_1_112' title='bbox 288 1027 371 1069; x_wconf 74' lang='grc' dir='ltr'><strong><em>’τὸν</em></strong></span> <span class='ocrx_word' id='word_1_113' title='bbox 399 1026 629 1082; x_wconf 83' lang='grc' dir='ltr'><strong><em>χωρισμόν,</em></strong></span> <span class='ocrx_word' id='word_1_114' title='bbox 660 1028 734 1071; x_wconf 84' lang='grc' dir='ltr'>τὸν</span> <span class='ocrx_word' id='word_1_115' title='bbox 750 1031 794 1071; x_wconf 84' lang='grc' dir='ltr'>ἑν</span> <span class='ocrx_word' id='word_1_116' title='bbox 821 1030 1004 1087; x_wconf 82' lang='grc' dir='ltr'><strong><em>α’νατολῇ</em></strong></span> <span class='ocrx_word' id='word_1_117' title='bbox 1029 1034 1103 1073; x_wconf 80' lang='grc' dir='ltr'>καί</span> <span class='ocrx_word' id='word_1_118' title='bbox 1121 1032 1242 1074; x_wconf 78' lang='grc' dir='ltr'><strong><em>δύσει</em></strong></span> <span class='ocrx_word' id='word_1_119' title='bbox 1259 1033 1533 1087; x_wconf 87' lang='grc' dir='ltr'><strong><em>σκορπισμόν,</em></strong></span> 
     </span>
    </p>

    <p class='ocr_par' dir='ltr' id='par_1_6' title="bbox 20 1090 1533 1214">
     <span class='ocr_line' id='line_1_16' title="bbox 20 1090 1533 1152; baseline 0.003 -18"><span class='ocrx_word' id='word_1_120' title='bbox 20 1092 148 1147; x_wconf 76' lang='grc' dir='ltr'><strong><em>ι5τὴν</em></strong></span> <span class='ocrx_word' id='word_1_121' title='bbox 174 1090 388 1146; x_wconf 73' lang='grc' dir='ltr'><strong><em>ἀποβολὴν</em></strong></span> <span class='ocrx_word' id='word_1_122' title='bbox 416 1096 491 1147; x_wconf 83' lang='grc' dir='ltr'><strong><em>τῆς</em></strong></span> <span class='ocrx_word' id='word_1_123' title='bbox 521 1095 648 1148; x_wconf 87' lang='grc' dir='ltr'><strong><em>φίλης</em></strong></span> <span class='ocrx_word' id='word_1_124' title='bbox 688 1097 894 1147; x_wconf 77' lang='grc' dir='ltr'><strong><em>πατρίδος</em></strong></span> <span class='ocrx_word' id='word_1_125' title='bbox 933 1096 1007 1138; x_wconf 79' lang='grc' dir='ltr'>καί</span> <span class='ocrx_word' id='word_1_126' title='bbox 1035 1092 1144 1139; x_wconf 74' lang='grc' dir='ltr'><strong><em>ἄλλα</em></strong></span> <span class='ocrx_word' id='word_1_127' title='bbox 1174 1093 1327 1150; x_wconf 80' lang='grc' dir='ltr'><strong><em>ὅμοια,</em></strong></span> <span class='ocrx_word' id='word_1_128' title='bbox 1367 1099 1533 1152; x_wconf 73' lang='grc' dir='ltr'><strong><em>θηρίων</em></strong></span> 
     </span>
     <span class='ocr_line' id='line_1_17' title="bbox 72 1158 1021 1214; baseline 0.005 -15"><span class='ocrx_word' id='word_1_129' title='bbox 72 1158 230 1214; x_wconf 80' lang='grc' dir='ltr'><strong><em>α’γρίων</em></strong></span> <span class='ocrx_word' id='word_1_130' title='bbox 257 1160 531 1211; x_wconf 80' lang='grc' dir='ltr'><strong><em>ἐπικειμένων</em></strong></span> <span class='ocrx_word' id='word_1_131' title='bbox 559 1163 641 1201; x_wconf 77' lang='grc' dir='ltr'>τῶν</span> <span class='ocrx_word' id='word_1_132' title='bbox 668 1162 834 1214; x_wconf 76' lang='grc' dir='ltr'><strong><em>ἀσεβῶν</em></strong></span> <span class='ocrx_word' id='word_1_133' title='bbox 860 1162 1021 1212; x_wconf 70' lang='grc' dir='ltr'><strong><em>αὐτοῖς.</em></strong></span> 
     </span>
    </p>

    <p class='ocr_par' dir='ltr' id='par_1_7' title="bbox 70 1223 1534 1417">
     <span class='ocr_line' id='line_1_18' title="bbox 182 1223 1533 1284; baseline 0.001 -16"><span class='ocrx_word' id='word_1_134' title='bbox 182 1223 418 1274; x_wconf 78' lang='grc' dir='ltr'><strong><em>Δουλοόσας</em></strong></span> <span class='ocrx_word' id='word_1_135' title='bbox 445 1227 484 1266; x_wconf 80' lang='grc' dir='ltr'>δ’</span> <span class='ocrx_word' id='word_1_136' title='bbox 512 1226 566 1266; x_wconf 81' lang='grc' dir='ltr'><strong><em>ου’</em></strong></span> <span class='ocrx_word' id='word_1_137' title='bbox 598 1226 730 1279; x_wconf 80' lang='grc' dir='ltr'><strong><em>μόνον</em></strong></span> <span class='ocrx_word' id='word_1_138' title='bbox 760 1229 1072 1284; x_wconf 81' lang='grc' dir='ltr'><strong><em>Θεσσαλονίκην</em></strong></span> <span class='ocrx_word' id='word_1_139' title='bbox 1100 1225 1205 1271; x_wconf 76' lang='grc' dir='ltr'><strong><em>ἀλλὰ</em></strong></span> <span class='ocrx_word' id='word_1_140' title='bbox 1234 1229 1306 1271; x_wconf 84' lang='grc' dir='ltr'>καί</span> <span class='ocrx_word' id='word_1_141' title='bbox 1332 1228 1385 1270; x_wconf 75' lang='grc' dir='ltr'>τὰ</span> <span class='ocrx_word' id='word_1_142' title='bbox 1413 1230 1533 1283; x_wconf 82' lang='grc' dir='ltr'><strong><em>πέριξ</em></strong></span> 
     </span>
     <span class='ocr_line' id='line_1_19' title="bbox 72 1288 1534 1351; baseline 0.005 -20"><span class='ocrx_word' id='word_1_143' title='bbox 72 1291 206 1344; x_wconf 72' lang='grc' dir='ltr'><strong><em>αὕτῆς</em></strong></span> <span class='ocrx_word' id='word_1_144' title='bbox 231 1288 318 1333; x_wconf 82' lang='grc' dir='ltr'><strong><em>ἔτει</em></strong></span> <span class='ocrx_word' id='word_1_145' title='bbox 349 1290 478 1350; x_wconf 54' lang='grc' dir='ltr'><strong><em>,ςῇλζ</em></strong></span> <span class='ocrx_word' id='word_1_146' title='bbox 508 1291 593 1333; x_wconf 81' lang='grc' dir='ltr'>α’πὸ</span> <span class='ocrx_word' id='word_1_147' title='bbox 620 1294 791 1342; x_wconf 86' lang='grc' dir='ltr'><strong><em>κτίσεως</em></strong></span> <span class='ocrx_word' id='word_1_148' title='bbox 819 1292 997 1348; x_wconf 82' lang='grc' dir='ltr'><strong><em>κόσμου,</em></strong></span> <span class='ocrx_word' id='word_1_149' title='bbox 1024 1297 1205 1351; x_wconf 78' lang='grc' dir='ltr'><strong><em>Σερβίας</em></strong></span> <span class='ocrx_word' id='word_1_150' title='bbox 1234 1297 1358 1351; x_wconf 84' lang='grc' dir='ltr'><strong><em>φημί,</em></strong></span> <span class='ocrx_word' id='word_1_151' title='bbox 1390 1298 1534 1338; x_wconf 86' lang='grc' dir='ltr'><strong><em>Βουλ-</em></strong></span> 
     </span>
     <span class='ocr_line' id='line_1_20' title="bbox 70 1354 1533 1417; baseline 0.003 -19"><span class='ocrx_word' id='word_1_152' title='bbox 70 1359 223 1410; x_wconf 79' lang='grc' dir='ltr'><strong><em>γαρίας</em></strong></span> <span class='ocrx_word' id='word_1_153' title='bbox 252 1358 327 1412; x_wconf 78' lang='grc' dir='ltr'><strong><em>τῆς</em></strong></span> <span class='ocrx_word' id='word_1_154' title='bbox 363 1361 544 1412; x_wconf 76' lang='grc' dir='ltr'><strong><em>γείτονος</em></strong></span> <span class='ocrx_word' id='word_1_155' title='bbox 578 1359 654 1401; x_wconf 81' lang='grc' dir='ltr'>καί</span> <span class='ocrx_word' id='word_1_156' title='bbox 678 1354 816 1401; x_wconf 72' lang='grc' dir='ltr'><strong><em>ἄλλων</em></strong></span> <span class='ocrx_word' id='word_1_157' title='bbox 858 1362 1025 1403; x_wconf 75' lang='grc' dir='ltr'><strong><em>πολλῶν</em></strong></span> <span class='ocrx_word' id='word_1_158' title='bbox 1067 1361 1146 1417; x_wconf 76' lang='grc' dir='ltr'><strong><em>(ὥς</em></strong></span> <span class='ocrx_word' id='word_1_159' title='bbox 1183 1363 1291 1403; x_wconf 76' lang='grc' dir='ltr'><strong><em>θεοῦ</em></strong></span> <span class='ocrx_word' id='word_1_160' title='bbox 1323 1377 1533 1416; x_wconf 82' lang='grc' dir='ltr'><strong><em>παραχω-</em></strong></span> 
     </span>
    </p>

    <p class='ocr_par' dir='ltr' id='par_1_8' title="bbox 13 1421 1531 1547">
     <span class='ocr_line' id='line_1_21' title="bbox 13 1421 1531 1481; baseline 0.003 -18"><span class='ocrx_word' id='word_1_161' title='bbox 13 1425 244 1477; x_wconf 71' lang='grc' dir='ltr'><strong><em>2οροῖιντος</em></strong></span> <span class='ocrx_word' id='word_1_162' title='bbox 271 1421 319 1465; x_wconf 78' lang='grc' dir='ltr'>ἐκ</span> <span class='ocrx_word' id='word_1_163' title='bbox 358 1426 444 1466; x_wconf 72' lang='grc' dir='ltr'>τῶν</span> <span class='ocrx_word' id='word_1_164' title='bbox 485 1424 707 1481; x_wconf 71' lang='grc' dir='ltr'><strong><em>ἁμαρτιῶν</em></strong></span> <span class='ocrx_word' id='word_1_165' title='bbox 750 1425 870 1480; x_wconf 77' lang='grc' dir='ltr'><strong><em>ἡμῶν</em></strong></span> <span class='ocrx_word' id='word_1_166' title='bbox 897 1429 971 1468; x_wconf 77' lang='grc' dir='ltr'>καί</span> <span class='ocrx_word' id='word_1_167' title='bbox 997 1425 1173 1476; x_wconf 77' lang='grc' dir='ltr'><strong><em>ου’δενὸς</em></strong></span> <span class='ocrx_word' id='word_1_168' title='bbox 1204 1422 1321 1477; x_wconf 76' lang='grc' dir='ltr'><strong><em>ὄντος</em></strong></span> <span class='ocrx_word' id='word_1_169' title='bbox 1343 1429 1420 1468; x_wconf 80' lang='grc' dir='ltr'><strong><em>τοῦ</em></strong></span> <span class='ocrx_word' id='word_1_170' title='bbox 1450 1443 1531 1468; x_wconf 83' lang='grc' dir='ltr'>κω-</span> 
     </span>
     <span class='ocr_line' id='line_1_22' title="bbox 71 1489 1531 1547; baseline 0.003 -16"><span class='ocrx_word' id='word_1_171' title='bbox 71 1491 256 1543; x_wconf 79' lang='grc' dir='ltr'><strong><em>λύοντος,</em></strong></span> <span class='ocrx_word' id='word_1_172' title='bbox 282 1489 378 1533; x_wconf 79' lang='grc' dir='ltr'><strong><em>ἄλλ’</em></strong></span> <span class='ocrx_word' id='word_1_173' title='bbox 405 1490 567 1547; x_wconf 76' lang='grc' dir='ltr'><strong><em>ἐρήμην</em></strong></span> <span class='ocrx_word' id='word_1_174' title='bbox 592 1492 812 1540; x_wconf 74' lang='grc' dir='ltr'><strong><em>διώκοντος</em></strong></span> <span class='ocrx_word' id='word_1_175' title='bbox 837 1493 911 1534; x_wconf 82' lang='grc' dir='ltr'>καί</span> <span class='ocrx_word' id='word_1_176' title='bbox 943 1495 1224 1546; x_wconf 78' lang='grc' dir='ltr'><strong><em>πολεμοῦντος</em></strong></span> <span class='ocrx_word' id='word_1_177' title='bbox 1250 1493 1421 1543; x_wconf 77' lang='grc' dir='ltr'><strong><em>ου’δενὸς</em></strong></span> <span class='ocrx_word' id='word_1_178' title='bbox 1451 1495 1531 1536; x_wconf 78' lang='grc' dir='ltr'><strong><em>α’ν-</em></strong></span> 
     </span>
    </p>
   </div>
   <div class='ocr_carea' id='block_1_3' title="bbox 67 1644 1527 1915">
    <p class='ocr_par' dir='ltr' id='par_1_9' title="bbox 67 1644 1527 1915">
     <span class='ocr_line' id='line_1_23' title="bbox 70 1644 1527 1691; baseline 0.001 -11"><span class='ocrx_word' id='word_1_179' title='bbox 70 1650 108 1680; x_wconf 86' lang='lat' dir='ltr'>et</span> <span class='ocrx_word' id='word_1_180' title='bbox 136 1644 330 1688; x_wconf 78' lang='lat' dir='ltr'>Thomarn3</span> <span class='ocrx_word' id='word_1_181' title='bbox 359 1646 492 1691; x_wconf 84' lang='lat' dir='ltr'>quibus</span> <span class='ocrx_word' id='word_1_182' title='bbox 517 1647 669 1691; x_wconf 85' lang='lat' dir='ltr'>singulis</span> <span class='ocrx_word' id='word_1_183' title='bbox 694 1653 791 1680; x_wconf 82' lang='lat' dir='ltr'>certa</span> <span class='ocrx_word' id='word_1_184' title='bbox 817 1647 910 1689; x_wconf 81' lang='lat' dir='ltr'>loca,</span> <span class='ocrx_word' id='word_1_185' title='bbox 938 1648 1035 1681; x_wconf 89' lang='lat' dir='ltr'>unde</span> <span class='ocrx_word' id='word_1_186' title='bbox 1059 1649 1169 1681; x_wconf 77' lang='lat' dir='ltr'>vitam</span> <span class='ocrx_word' id='word_1_187' title='bbox 1188 1653 1447 1688; x_wconf 78' lang='lat' dir='ltr'>sustentarent,</span> <span class='ocrx_word' id='word_1_188' title='bbox 1469 1660 1527 1681; x_wconf 83' lang='lat' dir='ltr'>as-</span> 
     </span>
     <span class='ocr_line' id='line_1_24' title="bbox 69 1693 1527 1741; baseline 0.001 -15"><span class='ocrx_word' id='word_1_189' title='bbox 69 1693 234 1738; x_wconf 71' lang='lat' dir='ltr'>signavit.</span> <span class='ocrx_word' id='word_1_190' title='bbox 294 1693 433 1726; x_wconf 80' lang='lat' dir='ltr'>infelici</span> <span class='ocrx_word' id='word_1_191' title='bbox 470 1694 594 1739; x_wconf 79' lang='lat' dir='ltr'>itaque</span> <span class='ocrx_word' id='word_1_192' title='bbox 619 1694 825 1728; x_wconf 83' lang='lat' dir='ltr'><strong>Andronico</strong></span> <span class='ocrx_word' id='word_1_193' title='bbox 866 1695 1184 1735; x_wconf 82' lang='lat' dir='ltr'>Thessalonicam,</span> <span class='ocrx_word' id='word_1_194' title='bbox 1214 1696 1278 1741; x_wconf 90' lang='lat' dir='ltr'>qui</span> <span class='ocrx_word' id='word_1_195' title='bbox 1313 1696 1352 1728; x_wconf 91' lang='lat' dir='ltr'>in</span> <span class='ocrx_word' id='word_1_196' title='bbox 1378 1696 1527 1740; x_wconf 84' lang='lat' dir='ltr'>lepram,</span> 
     </span>
     <span class='ocr_line' id='line_1_25' title="bbox 69 1739 1526 1787; baseline 0.002 -15"><span class='ocrx_word' id='word_1_197' title='bbox 69 1750 177 1784; x_wconf 79' lang='lat' dir='ltr'>quam</span> <span class='ocrx_word' id='word_1_198' title='bbox 204 1739 471 1784; x_wconf 76' lang='lat' dir='ltr'>elephantiasin</span> <span class='ocrx_word' id='word_1_199' title='bbox 493 1746 636 1782; x_wconf 82' lang='lat' dir='ltr'>vocant,</span> <span class='ocrx_word' id='word_1_200' title='bbox 664 1740 834 1787; x_wconf 78' lang='lat' dir='ltr'>delapsus</span> <span class='ocrx_word' id='word_1_201' title='bbox 864 1742 964 1775; x_wconf 84' lang='lat' dir='ltr'>illam</span> <span class='ocrx_word' id='word_1_202' title='bbox 990 1743 1168 1775; x_wconf 80' lang='lat' dir='ltr'><strong>illustrem</strong></span> <span class='ocrx_word' id='word_1_203' title='bbox 1193 1742 1317 1775; x_wconf 88' lang='lat' dir='ltr'>urbem</span> <span class='ocrx_word' id='word_1_204' title='bbox 1342 1743 1526 1787; x_wconf 78' lang='lat' dir='ltr'>quinqua-</span> 
     </span>
     <span class='ocr_line' id='line_1_26' title="bbox 68 1785 1525 1835; baseline 0.003 -17"><span class='ocrx_word' id='word_1_205' title='bbox 68 1787 168 1830; x_wconf 81' lang='lat' dir='ltr'>ginta</span> <span class='ocrx_word' id='word_1_206' title='bbox 194 1785 340 1820; x_wconf 80' lang='lat' dir='ltr'>milibus</span> <span class='ocrx_word' id='word_1_207' title='bbox 366 1797 555 1820; x_wconf 80' lang='lat' dir='ltr'>aureorum</span> <span class='ocrx_word' id='word_1_208' title='bbox 582 1787 760 1821; x_wconf 85' lang='lat' dir='ltr'>vendidit.</span> <span class='ocrx_word' id='word_1_209' title='bbox 820 1788 867 1822; x_wconf 87' lang='lat' dir='ltr'>de</span> <span class='ocrx_word' id='word_1_210' title='bbox 890 1789 1021 1835; x_wconf 86' lang='lat' dir='ltr'>quibus</span> <span class='ocrx_word' id='word_1_211' title='bbox 1052 1795 1154 1835; x_wconf 87' lang='lat' dir='ltr'>parte</span> <span class='ocrx_word' id='word_1_212' title='bbox 1179 1790 1252 1822; x_wconf 87' lang='lat' dir='ltr'>suis</span> <span class='ocrx_word' id='word_1_213' title='bbox 1276 1789 1525 1823; x_wconf 79' lang='lat' dir='ltr'>adulatoribus</span> 
     </span>
     <span class='ocr_line' id='line_1_27' title="bbox 67 1832 1525 1882; baseline 0.003 -17"><span class='ocrx_word' id='word_1_214' title='bbox 67 1832 225 1875; x_wconf 78' lang='lat' dir='ltr'>donata,</span> <span class='ocrx_word' id='word_1_215' title='bbox 264 1845 343 1866; x_wconf 87' lang='lat' dir='ltr'>curn</span> <span class='ocrx_word' id='word_1_216' title='bbox 382 1834 520 1880; x_wconf 86' lang='lat' dir='ltr'>reliquo</span> <span class='ocrx_word' id='word_1_217' title='bbox 547 1835 584 1867; x_wconf 90' lang='lat' dir='ltr'>in</span> <span class='ocrx_word' id='word_1_218' title='bbox 610 1834 790 1882; x_wconf 82' lang='lat' dir='ltr'><strong>quoddam</strong></span> <span class='ocrx_word' id='word_1_219' title='bbox 814 1837 930 1869; x_wconf 83' lang='lat' dir='ltr'>sancti</span> <span class='ocrx_word' id='word_1_220' title='bbox 960 1837 1094 1870; x_wconf 89' lang='lat' dir='ltr'>montis</span> <span class='ocrx_word' id='word_1_221' title='bbox 1130 1836 1386 1869; x_wconf 81' lang='lat' dir='ltr'>monasterium</span> <span class='ocrx_word' id='word_1_222' title='bbox 1410 1836 1525 1879; x_wconf 79' lang='lat' dir='ltr'>abiit;</span> 
     </span>
     <span class='ocr_line' id='line_1_28' title="bbox 69 1879 741 1915; baseline 0.003 -3"><span class='ocrx_word' id='word_1_223' title='bbox 69 1879 133 1912; x_wconf 89' lang='lat' dir='ltr'>ubi</span> <span class='ocrx_word' id='word_1_224' title='bbox 159 1879 254 1914; x_wconf 77' lang='lat' dir='ltr'>vitae</span> <span class='ocrx_word' id='word_1_225' title='bbox 283 1891 422 1914; x_wconf 88' lang='lat' dir='ltr'>cursum</span> <span class='ocrx_word' id='word_1_226' title='bbox 450 1892 614 1915; x_wconf 83' lang='lat' dir='ltr'>emensus</span> <span class='ocrx_word' id='word_1_227' title='bbox 639 1882 741 1915; x_wconf 87' lang='lat' dir='ltr'>obiit.</span> 
     </span>
    </p>
   </div>
   <div class='ocr_carea' id='block_1_4' title="bbox 55 1938 1524 2359">
    <p class='ocr_par' dir='ltr' id='par_1_10' title="bbox 55 1938 1524 2359">
     <span class='ocr_line' id='line_1_29' title="bbox 159 1938 1522 1985; baseline 0.001 -14"><span class='ocrx_word' id='word_1_228' title='bbox 159 1938 343 1972; x_wconf 76' lang='lat' dir='ltr'>Profectus</span> <span class='ocrx_word' id='word_1_229' title='bbox 379 1950 458 1972; x_wconf 90' lang='lat' dir='ltr'>cum</span> <span class='ocrx_word' id='word_1_230' title='bbox 496 1940 654 1973; x_wconf 68' lang='lat' dir='ltr'>exercitu</span> <span class='ocrx_word' id='word_1_231' title='bbox 681 1951 742 1973; x_wconf 85' lang='lat' dir='ltr'>rex</span> <span class='ocrx_word' id='word_1_232' title='bbox 775 1940 915 1973; x_wconf 68' lang='lat' dir='ltr'>Mutata</span> <span class='ocrx_word' id='word_1_233' title='bbox 953 1939 1247 1974; x_wconf 80' lang='lat' dir='ltr'><strong>Thessalonicam</strong></span> <span class='ocrx_word' id='word_1_234' title='bbox 1287 1941 1522 1985; x_wconf 76' lang='lat' dir='ltr'>oppugnavit,</span> 
     </span>
     <span class='ocr_line' id='line_1_30' title="bbox 70 1986 1523 2030; baseline 0.001 -12"><span class='ocrx_word' id='word_1_235' title='bbox 70 1995 222 2030; x_wconf 81' lang='lat' dir='ltr'>eamque</span> <span class='ocrx_word' id='word_1_236' title='bbox 248 1986 285 2019; x_wconf 76' lang='lat' dir='ltr'>vi</span> <span class='ocrx_word' id='word_1_237' title='bbox 312 1987 431 2030; x_wconf 84' lang='lat' dir='ltr'>cepit,</span> <span class='ocrx_word' id='word_1_238' title='bbox 455 1997 583 2030; x_wconf 81' lang='lat' dir='ltr'>magno</span> <span class='ocrx_word' id='word_1_239' title='bbox 616 1997 765 2020; x_wconf 89' lang='lat' dir='ltr'>numero</span> <span class='ocrx_word' id='word_1_240' title='bbox 795 1987 1014 2020; x_wconf 81' lang='lat' dir='ltr'>Graecorum</span> <span class='ocrx_word' id='word_1_241' title='bbox 1040 1988 1177 2021; x_wconf 84' lang='lat' dir='ltr'>occiso:</span> <span class='ocrx_word' id='word_1_242' title='bbox 1212 1988 1404 2020; x_wconf 78' lang='lat' dir='ltr'>noluerant</span> <span class='ocrx_word' id='word_1_243' title='bbox 1427 1988 1523 2020; x_wconf 89' lang='lat' dir='ltr'>enim</span> 
     </span>
     <span class='ocr_line' id='line_1_31' title="bbox 66 2031 1524 2079; baseline 0.001 -15"><span class='ocrx_word' id='word_1_244' title='bbox 66 2032 142 2065; x_wconf 91' lang='lat' dir='ltr'>ullo</span> <span class='ocrx_word' id='word_1_245' title='bbox 165 2031 273 2066; x_wconf 87' lang='lat' dir='ltr'>modo</span> <span class='ocrx_word' id='word_1_246' title='bbox 300 2032 522 2066; x_wconf 88' lang='lat' dir='ltr'>deditionem</span> <span class='ocrx_word' id='word_1_247' title='bbox 549 2033 664 2066; x_wconf 81' lang='lat' dir='ltr'>facere</span> <span class='ocrx_word' id='word_1_248' title='bbox 690 2034 852 2079; x_wconf 84' lang='lat' dir='ltr'>quamvis</span> <span class='ocrx_word' id='word_1_249' title='bbox 885 2045 1012 2078; x_wconf 82' lang='lat' dir='ltr'>magna</span> <span class='ocrx_word' id='word_1_250' title='bbox 1046 2035 1223 2079; x_wconf 87' lang='lat' dir='ltr'>pollicito,</span> <span class='ocrx_word' id='word_1_251' title='bbox 1247 2033 1310 2066; x_wconf 86' lang='lat' dir='ltr'>sed</span> <span class='ocrx_word' id='word_1_252' title='bbox 1333 2033 1380 2066; x_wconf 79' lang='lat' dir='ltr'>ad</span> <span class='ocrx_word' id='word_1_253' title='bbox 1405 2040 1524 2067; x_wconf 79' lang='lat' dir='ltr'>extre-</span> 
     </span>
     <span class='ocr_line' id='line_1_32' title="bbox 65 2081 1522 2126; baseline 0.002 -15"><span class='ocrx_word' id='word_1_254' title='bbox 65 2090 160 2111; x_wconf 88' lang='lat' dir='ltr'>mum</span> <span class='ocrx_word' id='word_1_255' title='bbox 194 2089 308 2124; x_wconf 77' lang='lat' dir='ltr'>usque</span> <span class='ocrx_word' id='word_1_256' title='bbox 332 2081 496 2123; x_wconf 86' lang='lat' dir='ltr'>spiritum</span> <span class='ocrx_word' id='word_1_257' title='bbox 526 2081 742 2114; x_wconf 81' lang='lat' dir='ltr'>restiterant.</span> <span class='ocrx_word' id='word_1_258' title='bbox 769 2086 807 2114; x_wconf 85' lang='lat' dir='ltr'>at</span> <span class='ocrx_word' id='word_1_259' title='bbox 829 2081 955 2122; x_wconf 82' lang='lat' dir='ltr'>Latini,</span> <span class='ocrx_word' id='word_1_260' title='bbox 981 2082 1043 2126; x_wconf 89' lang='lat' dir='ltr'>qui</span> <span class='ocrx_word' id='word_1_261' title='bbox 1064 2092 1212 2114; x_wconf 90' lang='lat' dir='ltr'>numero</span> <span class='ocrx_word' id='word_1_262' title='bbox 1238 2082 1341 2126; x_wconf 75' lang='lat' dir='ltr'>pauci</span> <span class='ocrx_word' id='word_1_263' title='bbox 1367 2082 1522 2121; x_wconf 80' lang='lat' dir='ltr'>inerant,</span> 
     </span>
     <span class='ocr_line' id='line_1_33' title="bbox 66 2126 1523 2172; baseline 0.001 -14"><span class='ocrx_word' id='word_1_264' title='bbox 66 2126 276 2159; x_wconf 77' lang='lat' dir='ltr'>seminarum</span> <span class='ocrx_word' id='word_1_265' title='bbox 297 2126 403 2159; x_wconf 86' lang='lat' dir='ltr'>modo</span> <span class='ocrx_word' id='word_1_266' title='bbox 429 2127 519 2160; x_wconf 87' lang='lat' dir='ltr'>clam</span> <span class='ocrx_word' id='word_1_267' title='bbox 535 2127 763 2171; x_wconf 79' lang='lat' dir='ltr'>aufugerunt.</span> <span class='ocrx_word' id='word_1_268' title='bbox 793 2126 1000 2161; x_wconf 86' lang='lat' dir='ltr'>acciderunt</span> <span class='ocrx_word' id='word_1_269' title='bbox 1023 2128 1202 2172; x_wconf 78' lang='lat' dir='ltr'>indigenis</span> <span class='ocrx_word' id='word_1_270' title='bbox 1215 2127 1523 2160; x_wconf 76' lang='lat' dir='ltr'>Thessalonicen-</span> 
     </span>
     <span class='ocr_line' id='line_1_34' title="bbox 55 2172 1522 2219; baseline 0.002 -15"><span class='ocrx_word' id='word_1_271' title='bbox 55 2172 164 2210; x_wconf 58' lang='lat' dir='ltr'>sibus</span> <span class='ocrx_word' id='word_1_272' title='bbox 187 2173 300 2206; x_wconf 77' lang='lat' dir='ltr'>multa</span> <span class='ocrx_word' id='word_1_273' title='bbox 325 2174 541 2217; x_wconf 80' lang='lat' dir='ltr'>gravissima,</span> <span class='ocrx_word' id='word_1_274' title='bbox 566 2175 705 2213; x_wconf 82' lang='lat' dir='ltr'>caedes,</span> <span class='ocrx_word' id='word_1_275' title='bbox 730 2175 971 2219; x_wconf 81' lang='lat' dir='ltr'>captivitates,</span> <span class='ocrx_word' id='word_1_276' title='bbox 996 2176 1033 2207; x_wconf 96' lang='lat' dir='ltr'>in</span> <span class='ocrx_word' id='word_1_277' title='bbox 1058 2175 1128 2207; x_wconf 81' lang='lat' dir='ltr'>alia</span> <span class='ocrx_word' id='word_1_278' title='bbox 1151 2186 1194 2207; x_wconf 80' lang='lat' dir='ltr'>ex</span> <span class='ocrx_word' id='word_1_279' title='bbox 1212 2175 1292 2206; x_wconf 82' lang='lat' dir='ltr'>aliis</span> <span class='ocrx_word' id='word_1_280' title='bbox 1320 2174 1408 2206; x_wconf 90' lang='lat' dir='ltr'>locis</span> <span class='ocrx_word' id='word_1_281' title='bbox 1432 2186 1522 2207; x_wconf 85' lang='lat' dir='ltr'>ven-</span> 
     </span>
     <span class='ocr_line' id='line_1_35' title="bbox 65 2218 1521 2267; baseline 0.001 -15"><span class='ocrx_word' id='word_1_282' title='bbox 65 2218 235 2258; x_wconf 77' lang='lat' dir='ltr'><strong>ditiones,</strong></span> <span class='ocrx_word' id='word_1_283' title='bbox 261 2230 423 2252; x_wconf 78' lang='lat' dir='ltr'>carorum</span> <span class='ocrx_word' id='word_1_284' title='bbox 452 2222 546 2254; x_wconf 89' lang='lat' dir='ltr'>inter</span> <span class='ocrx_word' id='word_1_285' title='bbox 571 2232 609 2253; x_wconf 88' lang='lat' dir='ltr'>se</span> <span class='ocrx_word' id='word_1_286' title='bbox 635 2221 896 2262; x_wconf 80' lang='lat' dir='ltr'>distractiones,</span> <span class='ocrx_word' id='word_1_287' title='bbox 923 2233 988 2267; x_wconf 89' lang='lat' dir='ltr'>per</span> <span class='ocrx_word' id='word_1_288' title='bbox 1006 2222 1189 2254; x_wconf 82' lang='lat' dir='ltr'>Orientem</span> <span class='ocrx_word' id='word_1_289' title='bbox 1216 2219 1521 2266; x_wconf 80' lang='lat' dir='ltr'>Occidentemque</span> 
     </span>
     <span class='ocr_line' id='line_1_36' title="bbox 65 2266 1520 2312; baseline 0.001 -14"><span class='ocrx_word' id='word_1_290' title='bbox 65 2266 322 2311; x_wconf 75' lang='lat' dir='ltr'>dispersiones,</span> <span class='ocrx_word' id='word_1_291' title='bbox 358 2266 472 2300; x_wconf 85' lang='lat' dir='ltr'>dulcis</span> <span class='ocrx_word' id='word_1_292' title='bbox 506 2269 645 2312; x_wconf 79' lang='lat' dir='ltr'>patriae</span> <span class='ocrx_word' id='word_1_293' title='bbox 681 2269 824 2301; x_wconf 81' lang='lat' dir='ltr'>amissio</span> <span class='ocrx_word' id='word_1_294' title='bbox 858 2274 894 2301; x_wconf 87' lang='lat' dir='ltr'>et</span> <span class='ocrx_word' id='word_1_295' title='bbox 931 2269 1001 2301; x_wconf 84' lang='lat' dir='ltr'>alia</span> <span class='ocrx_word' id='word_1_296' title='bbox 1038 2268 1178 2312; x_wconf 84' lang='lat' dir='ltr'>generis</span> <span class='ocrx_word' id='word_1_297' title='bbox 1221 2267 1394 2306; x_wconf 76' lang='lat' dir='ltr'>eiusdem,</span> <span class='ocrx_word' id='word_1_298' title='bbox 1418 2268 1520 2300; x_wconf 86' lang='lat' dir='ltr'>nullo</span> 
     </span>
     <span class='ocr_line' id='line_1_37' title="bbox 65 2312 1471 2359; baseline 0.001 -14"><span class='ocrx_word' id='word_1_299' title='bbox 65 2312 288 2345; x_wconf 77' lang='lat' dir='ltr'>crudelitatis</span> <span class='ocrx_word' id='word_1_300' title='bbox 313 2324 442 2356; x_wconf 84' lang='lat' dir='ltr'>genere</span> <span class='ocrx_word' id='word_1_301' title='bbox 469 2315 514 2346; x_wconf 76' lang='lat' dir='ltr'>ab</span> <span class='ocrx_word' id='word_1_302' title='bbox 542 2316 674 2359; x_wconf 78' lang='lat' dir='ltr'>impiis,</span> <span class='ocrx_word' id='word_1_303' title='bbox 701 2327 765 2348; x_wconf 90' lang='lat' dir='ltr'>ceu</span> <span class='ocrx_word' id='word_1_304' title='bbox 788 2315 1016 2348; x_wconf 83' lang='lat' dir='ltr'>ferocissimis</span> <span class='ocrx_word' id='word_1_305' title='bbox 1042 2315 1179 2354; x_wconf 89' lang='lat' dir='ltr'>bestiis,</span> <span class='ocrx_word' id='word_1_306' title='bbox 1208 2314 1471 2358; x_wconf 81' lang='lat' dir='ltr'>praetermisso.</span> 
     </span>
    </p>
   </div>
   <div class='ocr_carea' id='block_1_5' title="bbox 63 2370 1520 2698">
    <p class='ocr_par' dir='ltr' id='par_1_11' title="bbox 63 2370 1520 2698">
     <span class='ocr_line' id='line_1_38' title="bbox 159 2370 1520 2412; baseline 0.002 -10"><span class='ocrx_word' id='word_1_307' title='bbox 159 2370 323 2403; x_wconf 76' lang='lat' dir='ltr'>Redacta·</span> <span class='ocrx_word' id='word_1_308' title='bbox 347 2370 416 2403; x_wconf 89' lang='lat' dir='ltr'>hoc</span> <span class='ocrx_word' id='word_1_309' title='bbox 451 2372 559 2405; x_wconf 88' lang='lat' dir='ltr'>modo</span> <span class='ocrx_word' id='word_1_310' title='bbox 585 2373 622 2405; x_wconf 90' lang='lat' dir='ltr'>in</span> <span class='ocrx_word' id='word_1_311' title='bbox 650 2374 859 2406; x_wconf 79' lang='lat' dir='ltr'>servitutem</span> <span class='ocrx_word' id='word_1_312' title='bbox 898 2384 972 2406; x_wconf 89' lang='lat' dir='ltr'>non</span> <span class='ocrx_word' id='word_1_313' title='bbox 997 2378 1136 2405; x_wconf 81' lang='lat' dir='ltr'>tantum</span> <span class='ocrx_word' id='word_1_314' title='bbox 1162 2371 1433 2412; x_wconf 80' lang='lat' dir='ltr'>Thessalonica,</span> <span class='ocrx_word' id='word_1_315' title='bbox 1456 2371 1520 2405; x_wconf 84' lang='lat' dir='ltr'>sed</span> 
     </span>
     <span class='ocr_line' id='line_1_39' title="bbox 65 2417 1518 2464; baseline 0.002 -16"><span class='ocrx_word' id='word_1_316' title='bbox 65 2417 146 2450; x_wconf 82' lang='lat' dir='ltr'>aliis</span> <span class='ocrx_word' id='word_1_317' title='bbox 170 2418 298 2461; x_wconf 77' lang='lat' dir='ltr'>passim</span> <span class='ocrx_word' id='word_1_318' title='bbox 326 2417 468 2462; x_wconf 86' lang='lat' dir='ltr'>oppidis</span> <span class='ocrx_word' id='word_1_319' title='bbox 498 2419 586 2464; x_wconf 86' lang='lat' dir='ltr'>(qno</span> <span class='ocrx_word' id='word_1_320' title='bbox 619 2425 782 2464; x_wconf 88' lang='lat' dir='ltr'>tempore</span> <span class='ocrx_word' id='word_1_321' title='bbox 816 2431 930 2452; x_wconf 86' lang='lat' dir='ltr'>annus</span> <span class='ocrx_word' id='word_1_322' title='bbox 957 2419 1082 2451; x_wconf 89' lang='lat' dir='ltr'>mundi</span> <span class='ocrx_word' id='word_1_323' title='bbox 1122 2418 1378 2451; x_wconf 79' lang='lat' dir='ltr'>numerabatur</span> <span class='ocrx_word' id='word_1_324' title='bbox 1404 2420 1518 2451; x_wconf 73' lang='lat' dir='ltr'>sexies</span> 
     </span>
     <span class='ocr_line' id='line_1_40' title="bbox 64 2464 1519 2510; baseline 0.001 -15"><span class='ocrx_word' id='word_1_325' title='bbox 64 2464 271 2496; x_wconf 85' lang='lat' dir='ltr'>millesimus</span> <span class='ocrx_word' id='word_1_326' title='bbox 310 2467 600 2508; x_wconf 84' lang='lat' dir='ltr'>nongentesimus</span> <span class='ocrx_word' id='word_1_327' title='bbox 623 2467 826 2510; x_wconf 82' lang='lat' dir='ltr'>trigesimus</span> <span class='ocrx_word' id='word_1_328' title='bbox 850 2467 1038 2510; x_wconf 79' lang='lat' dir='ltr'>septimus)</span> <span class='ocrx_word' id='word_1_329' title='bbox 1076 2465 1219 2498; x_wconf 85' lang='lat' dir='ltr'>Serviae</span> <span class='ocrx_word' id='word_1_330' title='bbox 1245 2471 1355 2509; x_wconf 81' lang='lat' dir='ltr'>atque</span> <span class='ocrx_word' id='word_1_331' title='bbox 1379 2466 1519 2497; x_wconf 85' lang='lat' dir='ltr'>vicinae</span> 
     </span>
     <span class='ocr_line' id='line_1_41' title="bbox 64 2510 1517 2556; baseline 0.001 -14"><span class='ocrx_word' id='word_1_332' title='bbox 64 2510 248 2553; x_wconf 82' lang='lat' dir='ltr'>Bulgariae</span> <span class='ocrx_word' id='word_1_333' title='bbox 276 2515 312 2543; x_wconf 90' lang='lat' dir='ltr'>et</span> <span class='ocrx_word' id='word_1_334' title='bbox 335 2511 487 2544; x_wconf 79' lang='lat' dir='ltr'>aliarum</span> <span class='ocrx_word' id='word_1_335' title='bbox 525 2514 707 2556; x_wconf 86' lang='lat' dir='ltr'>regionum</span> <span class='ocrx_word' id='word_1_336' title='bbox 733 2514 924 2546; x_wconf 82' lang='lat' dir='ltr'>multarum</span> <span class='ocrx_word' id='word_1_337' title='bbox 959 2511 1033 2555; x_wconf 91' lang='lat' dir='ltr'>(dei</span> <span class='ocrx_word' id='word_1_338' title='bbox 1066 2512 1234 2544; x_wconf 89' lang='lat' dir='ltr'>nimirum</span> <span class='ocrx_word' id='word_1_339' title='bbox 1263 2523 1446 2553; x_wconf 86' lang='lat' dir='ltr'>concessu,</span> <span class='ocrx_word' id='word_1_340' title='bbox 1470 2511 1517 2544; x_wconf 88' lang='lat' dir='ltr'>ob</span> 
     </span>
     <span class='ocr_line' id='line_1_42' title="bbox 65 2556 1517 2603; baseline 0.001 -14"><span class='ocrx_word' id='word_1_341' title='bbox 65 2556 245 2600; x_wconf 85' lang='lat' dir='ltr'>punienda</span> <span class='ocrx_word' id='word_1_342' title='bbox 274 2563 419 2601; x_wconf 75' lang='lat' dir='ltr'>peccata</span> <span class='ocrx_word' id='word_1_343' title='bbox 454 2564 588 2600; x_wconf 83' lang='lat' dir='ltr'>nostra,</span> <span class='ocrx_word' id='word_1_344' title='bbox 612 2571 703 2599; x_wconf 82' lang='lat' dir='ltr'>cum,</span> <span class='ocrx_word' id='word_1_345' title='bbox 731 2561 875 2593; x_wconf 86' lang='lat' dir='ltr'>nemine</span> <span class='ocrx_word' id='word_1_346' title='bbox 903 2558 1130 2603; x_wconf 84' lang='lat' dir='ltr'>prohibente,</span> <span class='ocrx_word' id='word_1_347' title='bbox 1153 2559 1298 2591; x_wconf 87' lang='lat' dir='ltr'>nemine</span> <span class='ocrx_word' id='word_1_348' title='bbox 1324 2559 1428 2590; x_wconf 80' lang='lat' dir='ltr'>armis</span> <span class='ocrx_word' id='word_1_349' title='bbox 1458 2569 1517 2590; x_wconf 85' lang='lat' dir='ltr'>re-</span> 
     </span>
     <span class='ocr_line' id='line_1_43' title="bbox 63 2604 1517 2652; baseline 0.001 -16"><span class='ocrx_word' id='word_1_350' title='bbox 63 2604 226 2644; x_wconf 74' lang='lat' dir='ltr'>sistente,</span> <span class='ocrx_word' id='word_1_351' title='bbox 251 2605 319 2636; x_wconf 87' lang='lat' dir='ltr'>nisi</span> <span class='ocrx_word' id='word_1_352' title='bbox 345 2605 564 2648; x_wconf 79' lang='lat' dir='ltr'>paucissimis</span> <span class='ocrx_word' id='word_1_353' title='bbox 594 2607 709 2652; x_wconf 87' lang='lat' dir='ltr'>iisque</span> <span class='ocrx_word' id='word_1_354' title='bbox 736 2607 896 2645; x_wconf 76' lang='lat' dir='ltr'>infirmis,</span> <span class='ocrx_word' id='word_1_355' title='bbox 922 2606 1018 2638; x_wconf 89' lang='lat' dir='ltr'>omni</span> <span class='ocrx_word' id='word_1_356' title='bbox 1046 2606 1225 2650; x_wconf 79' lang='lat' dir='ltr'>praesidio</span> <span class='ocrx_word' id='word_1_357' title='bbox 1253 2605 1427 2638; x_wconf 82' lang='lat' dir='ltr'>destituta</span> <span class='ocrx_word' id='word_1_358' title='bbox 1453 2604 1517 2637; x_wconf 87' lang='lat' dir='ltr'>de·</span> 
     </span>
     <span class='ocr_line' id='line_1_44' title="bbox 65 2653 1515 2698; baseline 0 -16"><span class='ocrx_word' id='word_1_359' title='bbox 65 2657 227 2695; x_wconf 72' lang='lat' dir='ltr'>sertaque</span> <span class='ocrx_word' id='word_1_360' title='bbox 251 2658 556 2697; x_wconf 78' lang='lat' dir='ltr'>persequeretur)</span> <span class='ocrx_word' id='word_1_361' title='bbox 586 2666 744 2686; x_wconf 79' lang='lat' dir='ltr'>reversus</span> <span class='ocrx_word' id='word_1_362' title='bbox 778 2661 842 2692; x_wconf 86' lang='lat' dir='ltr'>est,</span> <span class='ocrx_word' id='word_1_363' title='bbox 879 2654 1030 2685; x_wconf 83' lang='lat' dir='ltr'>aliorum</span> <span class='ocrx_word' id='word_1_364' title='bbox 1062 2655 1207 2698; x_wconf 80' lang='lat' dir='ltr'>insuper</span> <span class='ocrx_word' id='word_1_365' title='bbox 1245 2653 1515 2685; x_wconf 77' lang='lat' dir='ltr'>devorationem</span> 
     </span>
    </p>
   </div>
  </div>
 </body>
</html>
