1754 3016
670 75 940 131 ΡοιιΤῐοΑ.
1463 84 1524 128 77

74 187 312 243 Θεόληπτος
341 186 363 228 ὅ
393 187 659 230 Ἰωαννίνων·
717 182 770 228 οὗ
797 186 1183 242 πατριαρχεύοντος
1212 186 1478 243 ἐτελεύτησεν
1506 186 1532 227 ὅ

70 253 248 295 σονλτὰν
271 255 483 308 Σελίμης,
517 251 720 304 βασιλεῦς
759 255 900 306 τρίτος
927 254 1000 307 τῆς
1027 253 1202 303 πόλεως.
1259 254 1333 294 καί
1364 248 1533 307 ἀνήχθη

72 317 95 360 ὅ
125 316 306 361 σουλτᾶν
330 317 636 372 Σουλεὶμάνης,
668 313 720 359 οὗ
757 317 1090 371 βασιλεύσαντος
1117 322 1299 371 χρόνους
1326 315 1534 372 τεσσαρά-

70 399 193 427 κοντα
223 381 326 426 ἑπτὰ
363 384 549 436 ἐγένοντο
588 382 852 437 πατριάρχαι
891 383 998 435 μετὰ
1042 382 1112 424 τὸν
1142 383 1386 438 Θεόληπτον
1407 382 1534 436 Ἱερε-

35 453 185 503 5μιάς,
214 446 306 491 εἶτα
333 451 578 497 Ἰωαννύτιος
617 451 691 491 καί
718 448 966 504 Διονύσιος,
994 448 1139 491 ἔπειτα
1163 447 1370 504 Ἰωοίσαφ,
1400 444 1533 497 αὖθις

46 513 392 571 ·Μητροφᾰνης,
420 508 474 555 οὗ
500 514 883 568 πατριαρχεύοντος
912 514 1123 557 ἀπέθανεν
1153 515 1175 556 ὅ
1205 515 1390 557 σουλτάν
1418 518 1532 557 Σου-

68 580 265 636 λεϊμοένης
286 583 363 638 qemi
388 582 550 634 ἐγένετο
579 579 603 621 ὅ
633 579 726 629 υἱὸς
755 580 893 622 αὐτοῦ
924 580 1107 623 σουλτοὶν
1132 583 1323 635 Σελιζιιης.
1381 574 1433 622 οὗ
1461 579 1543 622 ἐπὶ,

67 648 138 702 τῆς
162 649 382 700 βασιλείας
414 647 583 701 ἐποίησε
611 648 865 702 παραίτησιν
893 645 915 687 ὃ
936 645 1244 703 Μητροφάνης,
1273 650 1346 689 καί
1371 649 1529 701 ἐγένετο

68 710 332 768 πατριάρχης
377 709 399 753 ὅ
425 714 502 753 νῦν
533 709 765 766 ἇγιώτατος
790 711 933 767 κύριος
958 713 1184 768 Ἱερεμίας,
1216 715 1442 767 Λαρίσσης
1471 708 1531 754 α’)’ν

13 786 56 821 10
69 779 113 821 τό
142 778 353 834 πρότερον.
409 773 461 819 οὗ
493 777 543 832 δὴ
573 778 961 833 πατριαρχεύοντος
998 777 1261 835 ἐτελεύτησεν
1291 779 1313 821 ὅ
1348 777 1530 821 σουλτάν

69 845 263 900 Σελίμης,
291 842 551 897 βασιλεύσας
573 842 645 898 ἔτη
690 843 798 886 ὀκτώ
829 846 904 885 καί
930 845 1066 899 μῆνας
1093 851 1216 899 τρεῖς,
1240 847 1315 886 καί
1338 844 1426 886 ἔστι
1455 846 1531 886 νῦν

67 909 304 963 βασιλεύων
341 909 364 951 ὅ
399 908 493 958 υἱὸς
531 911 670 951 αυ’τοῦ’
695 911 880 951 σουλτοέν
912 908 1174 966 Μουράτης,
1208 910 1417 964 κυριεύων
1446 909 1529 951 α’πὸ

67 979 143 1017 τοῦ
171 975 292 1025 ἔτους
316 978 393 1018 τοῦ
420 974 533 1037 ,ζπγζ
563 973 608 1024 ὃς
636 975 686 1029 δὴ
720 978 792 1017 καί
819 976 991 1028 πέμψας
1011 976 1163 1018 νεωστὶ
1185 976 1258 1018 τὸν
1275 979 1408 1031 μέγαν
1422 992 1531 1031 πορ-

68 1043 214 1095 τάριον
242 1038 378 1083 αὐτοῦ
403 1040 541 1092 ἔπνιξε
570 1041 642 1082 τὸν
670 1043 1035 1096 Καντακουζηνόν,
1066 1040 1133 1082 ὅτι
1164 1041 1381 1097 ἠνώχλησε
1412 1047 1530 1085 Βλα-

9 1111 171 1161 15χιάν
200 1108 275 1149 καὶ
301 1109 599 1160 Μποχὸανιάν.
629 1109 704 1148 καί
730 1107 803 1148 τὸν
833 1109 1011 1148 πλοῦτον
1041 1109 1176 1148 αὐτοῦ
1206 1110 1386 1165 δημοσίᾳ
1417 1106 1533 1150 ἐποδ-

69 1178 208 1229 λησεν,
234 1174 303 1215 ἵνα
328 1171 436 1230 λα’βῃ
479 1172 500 1214 ὅ
530 1173 731 1226 βασιλεῦς
770 1172 812 1215 τὸ
845 1174 969 1228 χρέος
998 1172 1022 1215 ὃ
1050 1173 1177 1223 αὐτὸς
1204 1175 1444 1230 ἐχρεοόστει,
1472 1171 1531 1224 οἷς

70 1242 247 1294 λέγεται.

167 1320 381 1364 προσέθηκε
423 1317 626 1357 Θεοδόσιος
662 1317 682 1352 ὁ
712 1318 961 1365 Ζυγομαλᾶς,
984 1312 1256 1365 πατριαρχικός
1289 1319 1331 1355 ἐν
1353 1318 1396 1366 τῇ
1417 1321 1530 1356 Κων-

210 1378 409 1411 σταντίνου
423 1376 736 1423 πρωτονοτάριος,
761 1372 820 1410 τὸς
847 1376 924 1422 θεῷ
946 1375 1069 1422 χάρις.
1120 1376 1174 1415 οἷς
1199 1369 1324 1422 εὗρον,
1350 1381 1531 1424 μετέγρα-

210 1440 290 1479 ψα,
333 1436 467 1479 κυρίου
495 1437 695 1478 Μαρτίνου
734 1435 798 1469 τοῦ
825 1437 1022 1479 Κρουσίου
1056 1434 1194 1480 χάριν,
1234 1434 1455 1480 διορθώσας
1487 1432 1531 1471 τὸ

211 1487 306 1526 κατὰ
339 1491 524 1538 δύναμιν,
554 1492 626 1532 ζπζ
667 1487 743 1526 ἀπὸ
770 1494 946 1532 κτίσεως,
983 1488 1059 1527 α’πό
1103 1492 1416 1538 Χριστοῦ’1578,
1438 1496 1531 1540 μηνὶ

210 1548 326 1595 Μαΐῳ
352 1549 396 1584 κ’.

72 1668 234 1700 antistes.
283 1665 349 1698 sub
374 1665 442 1699 hoc
467 1671 492 1699 e·
514 1666 586 1698 vita
613 1665 776 1698 discessit
798 1665 960 1697 sultanus
976 1665 1139 1705 Selimes,
1168 1666 1298 1698 tertius
1324 1676 1382 1698 rex
1410 1666 1527 1708 urbis;

70 1715 110 1746 in
136 1713 237 1746 cuius
262 1713 380 1746 locum
418 1713 513 1745 filius
534 1712 759 1744 Suleimanes
792 1712 972 1744 successit.
1033 1723 1106 1756 quo
1145 1710 1190 1744 47
1216 1723 1328 1744 anuos
1357 1719 1526 1756 regnante
1543 1717 1635 1752 1521)

72 1760 199 1793 ordine
225 1760 263 1792 hi
287 1766 368 1807 post
382 1759 623 1803 Theoleptum
651 1758 821 1791 sederunt
847 1757 1082 1803 patriarchae,
1105 1759 1304 1791 Hieremias
1323 1758 1527 1793 loannicius

72 1807 265 1850 Dionysius
293 1806 488 1851 loasaphus
525 1812 561 1838 et
598 1805 862 1850 Metrophanes,
887 1817 959 1850 quo
997 1805 1195 1849 patriarcha
1216 1817 1274 1838 rex
1304 1805 1527 1840 Suleimanes

71 1859 221 1887 naturae
247 1854 447 1894 concessit,
476 1851 688 1885 succedente
725 1852 799 1884 filio
836 1853 946 1896 ipsius
975 1852 1119 1884 Seiime.
1181 1851 1250 1884 hoc
1288 1853 1431 1886 sultano
1472 1866 1527 1887 re-

73 1906 204 1944 gnante
218 1896 488 1944 patriarchicam
507 1899 802 1943 gubernatIonem
832 1899 993 1943 patribus
1018 1899 1239 1932 renuntiavit
1252 1899 1528 1944 Metrophanes3

73 1948 111 1980 iu
138 1947 240 1980 cuius
264 1946 382 1979 locum
409 1946 570 1979 delectus
597 1951 674 1985 est,
714 1946 776 1990 qui
803 1957 898 1978 nunc
926 1947 1111 1979 ecclesiam
1141 1946 1254 1989 regit,
1281 1947 1526 1981 sanctissimus

72 1993 117 2026 D.
145 1993 352 2032 Hieremias,
376 1994 439 2038 qui
470 1993 630 2025 Larissae
658 1997 763 2025 antea
788 1993 1054 2038 metropolitam
1085 1998 1217 2036 egerat.
1280 1992 1348 2025 hoc
1376 1994 1527 2038 patriar-

73 2039 139 2073 cha
162 2051 182 2073 e
220 2040 308 2073 vivis
341 2040 492 2072 excessit
532 2039 693 2071 sultanus
732 2039 903 2079 Selimes‚
936 2039 1039 2072 annis
1076 2045 1178 2080 octo,
1205 2039 1387 2072 mensibus
1412 2041 1526 2073 tribus

72 2086 224 2132 imperio
264 2087 410 2122 exactis.
446 2098 510 2131 pro
545 2098 616 2132 quo
655 2096 751 2118 nunc
788 2097 848 2118 rex
886 2091 940 2119 est
968 2086 1063 2119 filius
1094 2087 1168 2119 eius
1207 2086 1372 2119 Murata:
1412 2087 1525 2132 impe-

72 2133 165 2166 rium
198 2133 243 2166 ab
282 2143 376 2166 anno
405 2132 496 2167 7083
536 2143 694 2166 exorsus.
744 2131 801 2165 hic
826 2143 951 2176 nuper,
980 2143 1107 2176 magno
1129 2144 1192 2166 suo
1218 2133 1378 2165 Portario
1404 2134 1632 2177 misso‚1565

72 2181 319 2214 Cantacuzeno
345 2180 464 2213 fauces
483 2179 614 2212 chorda
642 2179 760 2223 fregit,
790 2179 888 2225 quod
908 2179 1115 2213 valachiam
1140 2185 1176 2213 et
1200 2179 1416 2212 Mohlaviam
1445 2185 1525 2213 tur-

72 2226 204 2260 basset.
253 2226 412 2260 eiusdem
434 2228 539 2260 etiam
557 2238 642 2271 opes
666 2226 812 2271 publica
837 2226 1004 2260 auctione
1023 2227 1218 2260 constituta
1243 2225 1426 2268 vendidit3
1451 2238 1524 2272 quo

73 2274 171 2317 regio
195 2273 295 2315 fisco,
320 2274 356 2306 in
382 2274 482 2307 cuius
510 2284 592 2306 aere
620 2275 697 2318 ipse
723 2283 798 2306 esse
823 2273 1021 2314 dicebatur,
1049 2273 1093 2306 de
1118 2273 1272 2318 pecunia
1299 2272 1441 2306 redacta
1468 2285 1526 2307 sa-

73 2320 235 2354 tisfieret.

167 2381 328 2416 Additum
352 2392 375 2414 a
402 2381 445 2414 D.
468 2381 649 2414 Theodosio
671 2380 858 2425 Zyyomala
882 2381 1118 2425 patriarchico
1138 2381 1237 2425 Cpoli
1259 2382 1497 2425 protonotario
1512 2394 1523 2415 .-

212 2430 286 2461 Deo
310 2429 434 2472 gratia.
484 2430 574 2461 sicut
611 2430 840 2468 inveneram,
870 2429 1022 2461 Man-tino
1050 2429 1173 2460 Crusio
1207 2428 1389 2473 descripsi,
1415 2430 1525 2462 corri-

204 2487 288 2519 gens
328 2486 392 2520 pro
433 2487 510 2507 mea
540 2481 640 2518 parte
666 2475 785 2516 virili,
822 2486 915 2509 anno
952 2475 1088 2508 conditi
1114 2474 1211 2508 urbis
1243 2475 1356 2516 7087,
1393 2476 1525 2510 Christi

202 2533 288 2556 vero
318 2521 419 2562 1578,
444 2521 502 2555 die
527 2522 613 2555 Maii
636 2521 693 2555 20.
