1754 3016
0 0 26 207 ἱ
645 94 914 138 POLlTICA.
1450 94 1514 142 33

0 199 21 254 3
62 197 167 254 πρὸς
193 197 440 253 διατροφήν,
469 194 622 248 ὅμοίως
642 195 714 236 καί
743 200 829 243 τοῖς
869 195 960 246 μετ’
998 191 1142 247 αὐτοῦ,
1166 193 1517 249 ἤρραβωνιὰσατο

0 252 20 323 Ξ,
64 266 139 306 καί
163 266 237 320 τὴν
263 263 502 316 θυγατέροιν
531 263 675 313 αὐτοῦ,
705 260 818 312 τάξει
857 261 1113 316 Ἀγαρηνῶν.
1171 262 1327 302 δέδωκε
1357 263 1405 304 δὲ
1434 263 1519 303 αυ’-·

0 326 13 340 ‘⁵
62 330 140 386 τὴν
169 329 191 371 ὅ
222 331 450 376 σουλτᾶνος
480 326 698 380 εὐνούχοις
722 324 828 379 μετὰ
867 328 1139 381 δορυφοριάς,
1173 330 1247 368 καί
1272 329 1518 381 ἐκομίσαντο

64 394 198 450 αύτὴν
224 396 284 443 εἰς
312 393 364 435 τοὶ
392 389 547 435 ἑαυτοῦ
574 395 768 445 βασίλεια
811 395 854 434 ἐν
883 393 1237 445 Ἀδριανουπόλει.
1293 393 1384 435 οὐδ’
1411 392 1520 444 ὅλως

0 452 52 499 3125
65 462 110 502 δὲ
137 459 342 514 ἐκοιμήθη
370 460 460 511 μετ’
493 458 637 511 αὐτῆς,
666 454 924 512 φοβούμενος
954 457 1013 511 μή
1043 473 1132 506 πως
1167 461 1331 513 γένηται
1363 462 1408 510 ἐξ
1437 459 1520 500 αὖ·

0 526 2 529 ’
63 528 137 580 τῆς
180 526 425 582 φαρμακεία
478 518 504 576 ἧ
541 539 601 572 τις
639 523 771 572 δόλος.
839 521 993 577 ἔφερον
1036 519 1112 563 ουν
1154 521 1339 573 ἅπαντας
1379 527 1425 566 έν
1468 527 1520 582 τῇ

58 588 424 670 Ἀδριανουπόλει,
471 587 541 630 τόν
571 603 627 629 τε
663 589 866 642 δεσπότην
893 590 965 629 καί
994 586 1068 642 την
1094 587 1360 641 βασίλισσαν.
1419 588 1442 630 ὅ
1472 591 1520 631 δὲ

62 655 152 706 υἱὸς
185 657 316 697 αυτοῦ
344 657 573 704 Ματθαῖος
612 653 634 694 ὅ
673 652 799 697 Ἀσιὶν
828 650 917 706 εἶχε
953 659 1131 708 γυναῖκα
1160 653 1234 708 την
1262 659 1340 695 τοῦ
1369 654 1521 696 ευδαί-

0 752 3 755 v
61 737 185 775 μονος
209 719 401 764 Ἰωάννου
443 723 670 775 θυγατέρα.
734 736 804 761 και
844 719 894 761 οὕ
935 719 1065 771 μόνον
1105 718 1282 769 τούτους
1310 719 1418 762 α’λλοὶ
1446 737 1519 762 και

2 794 51 837 ¹10
63 788 221 836 πάντας
250 786 351 835 τούς
378 782 584 841 ἄρχοντας
622 789 697 827 τοῦ
735 785 964 841 δεσπότου,
990 784 1169 839 μικρούς
1199 785 1274 828 καί
1297 785 1519 841 μεγάλους,

63 856 211 901 οἵτινες
237 852 309 894 καί
336 850 690 901 ἐκουσιακουσίως
719 849 1022 906 ἠκολούθησαν,
1054 850 1104 893 τοὶ
1137 849 1243 905 πρὸς
1269 850 1430 908 τροφήν
1457 849 1516 906 μὴ

61 917 240 973 ἔχοντες.
296 921 368 960 καί
394 919 528 960 ταῦτα
559 920 636 971 μὲν
667 917 719 959 τά
750 920 829 958 τοῦ
857 916 1061 959 δεσπότου
1090 919 1349 973 Δημητρίου.

166 985 213 1028 Ὁ
241 987 289 1026 δὲ
316 985 458 1038 κύριος
503 985 660 1036 Θωμᾶς
697 982 851 1036 μαθών
893 982 965 1037 την
1001 980 1147 1039 ἄφιξιν
1186 986 1262 1026 τοῦ
1295 982 1516 1038 αὕθεντός,

63 1050 210 1106 φυγών
228 1042 441 1105 ἐπορεύθη
462 1051 568 1103 μετὰ
596 1048 789 1104 γυναικὸς
811 1052 992 1091 παιδίων
1012 1052 1085 1091 καί
1112 1052 1275 1092 οἰκείων
1305 1051 1517 1107 ὲνῬώμῃ.

0 1128 49 1169 ,15
62 1117 250 1171 ἀσμένως
279 1119 326 1158 δὲ
360 1116 514 1164 αὐτούς
546 1117 794 1167 ὑπεδέξαντο
826 1114 864 1156 οἱ
891 1112 1066 1170 Ἰταλοί,
1096 1114 1343 1169 ποιήσαντες
1374 1117 1521 1164 αὐτοῖς

61 1186 134 1225 καί
160 1185 395 1237 σιτηρέσια.
455 1180 559 1236 πλὴν
588 1184 630 1222 έν
661 1178 784 1239 ὄλίγῳ
815 1180 1091 1234 ἐτελεύτησεν.
1152 1178 1241 1235 εἶχε
1270 1183 1317 1223 δὲ
1344 1184 1416 1224 καί
1442 1183 1520 1223 δύο

17 1282 19 1285 f
60 1250 310 1302 θυγατέρας.
365 1246 391 1301 ἦ
421 1250 498 1300 μία
529 1245 652 1299 ἔλαβε
684 1246 756 1288 τὸν
784 1247 952 1301 κράλην,
982 1243 1007 1300 ἦ
1037 1247 1083 1287 δὲ
1113 1244 1234 1300 ἑτέρα
1263 1245 1333 1288 τὸν
1362 1247 1521 1288 αὐθέν-

59 1331 134 1368 την
160 1313 379 1361 “Ρωσσίας.
437 1310 526 1366 εἶχε
556 1315 602 1354 δὲ
631 1312 704 1353 καί
733 1310 903 1365 ἐγκονήν
924 1343 937 1365 ,
967 1310 1018 1366 ἢν
1047 1310 1068 1353 ὁ
1101 1313 1282 1354 σουλτὰν
1312 1313 1518 1365 Μεχεμέ-

61 1394 133 1432 της
161 1376 286 1430 ἔλαβε
303 1413 314 1432 ,
355 1378 580 1431 κυριεύσας
604 1379 674 1431 τῆς
705 1377 915 1419 Μπόσναν
962 1379 1035 1419 καί
1063 1379 1200 1419 πᾶσαν
1228 1377 1304 1431 τὴν
1331 1381 1517 1431 περίχω-

0 1456 145 1497 ρορον,
174 1444 245 1484 καί
273 1446 487 1486 α’πέκτεινε
525 1446 598 1484 καί
634 1443 707 1484 τὸν
733 1442 901 1498 κράλην.
972 1443 1048 1498 τήν
1078 1446 1123 1485 δὲ
1155 1443 1382 1497 κράλιτζαν
1411 1442 1517 1485 ταύ-

57 1525 132 1563 την
160 1508 310 1565 ἔφερεν
351 1512 396 1551 ἐν
443 1511 884 1551 Κωνσταντινουπόλει
923 1508 1091 1562 λαβών,
1125 1508 1292 1564 ἐποίησε
1325 1511 1371 1551 δὲ
1403 1510 1516 1566 αὕτῇ

58 1578 130 1617 καί
157 1573 392 1631 σιτηρέσιον
419 1577 496 1623 ἕως
523 1575 668 1624 τέλους
716 1576 824 1630 ζωῆς
852 1577 995 1630 αὐτῆς.
1059 1574 1216 1629 ἔχουσα
1257 1577 1303 1617 δὲ
1344 1575 1368 1630 ἧ
1398 1573 1509 1630 αὕτη

59 1766 248 1807 postquam
276 1760 320 1795 ab
346 1762 423 1805 ipso
450 1760 625 1806 quaedam
646 1760 884 1806 postulasset,
923 1766 961 1794 ut
995 1762 1132 1794 scilicet
1156 1762 1265 1795 filiam
1283 1761 1360 1794 eius
1401 1761 1512 1794 duce-

61 1813 114 1841 ret
140 1819 306 1847 uxorem,
336 1807 508 1852 daretque
538 1808 570 1840 ei
596 1813 632 1840 et
657 1808 760 1840 aulae
789 1809 864 1840 eius
892 1808 1075 1848 alimenta,
1103 1809 1214 1840 filiam
1241 1809 1317 1841 eius
1342 1807 1412 1841 sibi
1443 1810 1512 1842 ritu

59 1856 298 1899 Agarenorum
323 1854 532 1899 despondit3
576 1865 681 1899 quam
708 1855 887 1894 eunuchi,
915 1866 993 1886 cum
1018 1856 1217 1888 satellitum
1245 1856 1415 1888 comitatu
1439 1857 1510 1889 sibi

60 1912 79 1933 a
104 1901 245 1934 sultano
275 1900 462 1940 traditam,
504 1900 762 1945 Adrianopolin
788 1902 823 1933 in
865 1903 994 1944 regiam
1020 1902 1132 1946 ipsius
1158 1902 1395 1934 deduxerunt.
1445 1903 1510 1935 sed

60 1948 163 1980 nullo
189 1947 294 1980 modo
319 1948 380 1980 ille
412 1959 490 1979 cum
524 1958 564 1979 ea
591 1948 802 1986 concubuit,
832 1959 1008 1981 venenum
1049 1955 1109 1981 aut
1133 1949 1289 1993 aliquem
1315 1948 1436 1981 dolum
1464 1961 1506 1981 ex

60 1994 137 2039 ipsa
162 2000 335 2027 metuens.
387 1993 597 2026 detulerunt
623 2005 704 2037 ergo
734 1995 914 2027 universos
939 1996 975 2027 in
1002 1995 1147 2027 Adriani
1178 1995 1313 2034 urbem,
1342 2000 1415 2027 tum
1442 1995 1508 2028 de-

60 2046 209 2085 spotam‚
232 2046 307 2074 tum
335 2041 445 2083 ipsam
474 2041 642 2083 reginam.
703 2040 795 2072 filins
822 2047 940 2073 antem
968 2043 1069 2081 eius,
1095 2042 1281 2075 Mathaeus
1306 2041 1413 2082 Asan,
1439 2041 1507 2074 ha-

59 2086 170 2120 bebat
199 2088 233 2119 in
258 2087 480 2119 matrimonio
507 2088 649 2119 Ioannis
672 2086 910 2120 Eudaemonis
937 2099 998 2121 seu
1023 2090 1151 2121 Felicis
1178 2088 1297 2120 filiam.
1347 2099 1414 2120 nec
1441 2088 1505 2121 lios

58 2139 211 2172 tantum,
238 2133 299 2166 sed
325 2144 445 2166 omnes
481 2135 588 2166 etiam
612 2133 708 2177 apud
733 2133 916 2178 despotam
943 2135 1099 2175 nobiles,
1126 2134 1305 2167 inferioris
1333 2140 1369 2166 et
1398 2146 1508 2179 snpe-

57 2181 158 2212 rioris
183 2180 392 2223 dignitatis,
433 2180 498 2212 illo
525 2180 805 2222 transtulerunt3
845 2182 906 2225 qui
933 2187 969 2214 et
998 2183 1104 2222 ultro,
1133 2191 1336 2227 quanquam
1363 2187 1505 2224 praeter

53 2227 279 2259 voluntatem
307 2237 426 2266 suam,
459 2228 569 2259 secuti
597 2231 690 2265 sunt,
715 2229 923 2260 necessariis
950 2228 996 2260 ad
1023 2230 1158 2261 victum
1184 2233 1219 2260 et
1245 2227 1411 2260 amictum
1436 2227 1503 2260 de·

53 2274 182 2306 stituti.
230 2273 318 2305 haec
342 2284 418 2304 cum
449 2274 629 2306 Demetrio
656 2279 765 2317 gesta.

146 2330 301 2364 Thomas
327 2335 445 2362 autem
475 2330 629 2363 adventu
660 2332 751 2373 regis
777 2331 921 2374 cognito
949 2331 1118 2376 profugit,
1147 2337 1184 2364 et
1208 2343 1285 2363 cum
1317 2342 1426 2364 uxore
1455 2332 1501 2364 li-

53 2376 149 2410 beris
177 2377 381 2420 familiaque
410 2377 546 2422 reliqua
573 2379 715 2409 Romam
743 2378 909 2421 perrexit.
973 2378 1128 2422 benigne
1158 2383 1374 2422 exceperunt
1403 2378 1499 2422 ipsos

54 2424 148 2463 Itali,
174 2424 358 2466 assignatis
397 2423 441 2455 ad
469 2426 574 2456 vitam
615 2423 811 2467 degendam
845 2425 1036 2456 alimentis.
1088 2424 1149 2456 sed
1177 2435 1248 2456 non
1275 2424 1387 2456 multo
1418 2431 1500 2469 post

54 2469 147 2502 idem
174 2470 277 2502 rebus
304 2470 467 2501 humanis
492 2475 674 2514 exemptus
703 2476 767 2510 est,
794 2471 923 2503 relictis
950 2472 1044 2503 inter
1068 2471 1199 2502 liberos
1225 2470 1362 2503 duabus
1389 2472 1498 2504 etiam

55 2516 210 2548 filiabus.
258 2515 382 2548 harum
409 2527 478 2547 una
506 2517 649 2549 Serviae
675 2520 746 2560 regi
774 2518 908 2561 nupsit,
935 2518 1044 2548 altera
1079 2517 1232 2561 principi
1261 2518 1407 2550 Russiae
1434 2530 1496 2551 seu

55 2562 269 2595 Moscoviae.
335 2562 460 2594 habuit
493 2568 528 2595 et
553 2569 715 2607 neptem3
753 2575 858 2609 quam
897 2564 1059 2595 sultanus
1098 2563 1332 2603 Mechemeta‚
1362 2565 1495 2597 Bosnae

56 2619 162 2652 regno
181 2614 216 2641 et
238 2609 334 2641 omni
358 2609 624 2642 circumlucente
650 2611 793 2654 regione
813 2611 958 2653 potitus,
977 2610 1124 2654 accepit,
1150 2611 1264 2642 occiso
1283 2611 1358 2655 ipso
1387 2612 1493 2643 etiam

57 2666 136 2698 rege
208 2654 298 2686 hane
323 2666 405 2687 vero
441 2657 595 2700 reginam
627 2655 965 2700 Constantinopolin
991 2655 1208 2701 deportavit,
1233 2657 1336 2702 eique
1362 2658 1493 2690 victum

0 2688 2 2744 i
130 2717 214 2749 11ist.
240 2715 306 2760 pol.
339 2717 404 2748 (7st
1215 2717 1236 2749 3
