1754 3016
692 114 956 158 POLlTICA.
1485 109 1547 156 67

96 211 392 256 έναπετιθεσαν
431 214 488 262 εἷς
530 213 576 255 τὸ
604 217 901 268 γενᾲιπαχτζε.
968 213 1096 264 αὐτὸς
1126 216 1172 256 δὲ
1202 209 1252 268 ἦν
1279 212 1358 265 ἔξω
1391 213 1552 268 ἡμέρας

93 281 224 332 τινάς,
253 282 328 322 καί
340 279 559 334 ἐξήρχοντο
578 280 725 321 πολλοὶ
739 280 813 322 καί
829 281 1111 343 έπροσριύνουν
1140 279 1267 322 αὐτὸν
1295 282 1390 321 καθ’
1420 277 1551 335 οῗραν,

98 346 279 403 α’φέντες
301 346 372 387 τὸν
398 347 571 400 γέροντα
599 345 743 399 μόνον.

214 407 337 453 Οὕτω
365 412 412 453 δὲ
442 413 526 452 τῶν
555 409 811 465 πραγμάτων
841 413 1115 464 διακειμένων
1145 414 1190 453 έν
1211 409 1372 464 στάσει,
1402 413 1448 453 έν
1473 412 1554 468 μιᾷ

63 478 181 520 5τῶν
208 477 377 532 ἡμερῶν
406 476 674 525 ὁπλισθέντες
701 475 739 518 οἱ
766 479 1005 532 γενίτζαροι
1026 476 1216 530 χιλιάδες
1248 479 1348 519 δέκα
1378 475 1553 532 ἐπορεύ-

95 547 235 598 θησαν
267 545 313 584 ἐν
340 548 426 591 τοῖς
451 543 703 595 βασιλείοις,
733 545 926 591 θέλοντες
960 542 1030 584 ἵνα
1058 544 1242 596 βιάσωσι
1271 543 1370 593 τούς
1400 543 1553 585 πασιά-

98 612 176 658 δας
204 605 231 663 ἢ
257 609 388 651 εἰπεῖν
414 610 471 665 τῷ
498 611 655 663 γέροντι
689 610 872 659 ἐξελθεῖν
898 608 970 650 καί
997 611 1305 664 παραχωρῆσαι
1328 609 1401 663 τὴν
1428 613 1553 662 βασι-

97 675 213 718 λείαν
242 676 302 732 τῷ
341 673 443 731 υἱῷ,
486 670 514 728 ἢ
543 675 784 716 α’ποκτεΐναι
827 675 985 724 αὐτούς
1024 675 1097 716 καί
1131 675 1206 729 τήν
1247 673 1369 717 πόλιν
1397 673 1552 730 ἔρημον

95 745 249 783 θεῖναι.
319 740 363 782 οἳ
389 740 439 795 δὴ
481 742 553 781 καί
585 740 860 793 α’κούσαντες,
895 741 968 782 καί
1002 740 1060 796 μή
1083 739 1247 794 ἔχοντες
1279 741 1325 783 τι’
1346 741 1419 783 καί
1445 743 1554 796 δρᾶ-

43 811 186 859 1οσαι,
212 805 258 848 τὸ
289 808 367 859 μὲν
404 805 707 858 εὐλαβούμενοι
745 806 814 847 τὸν
840 810 1040 862 γέροντα,
1066 807 1112 848 τὸ
1144 808 1190 848 δὲ
1219 807 1476 862 φοβούμενοι
1507 808 1553 849 τὸ

97 873 258 926 πλῆθος
284 873 448 921 αὐτῶν,
493 870 599 925 πλὴν
637 873 710 913 καί
736 867 903 922 ἄκοντες
948 873 1153 928 α’νέφερον
1198 871 1273 927 τὴν
1308 873 1457 915 στάσιν
1484 872 1560 914 καί

98 938 294 993 ἀξίωσιν,
323 939 397 978 καί
432 933 494 979 ὅτι
524 938 716 986 ἵστανται
741 937 850 991 μετὰ
881 932 1017 980 ὅπλων
1049 937 1086 980 οἱ
1125 940 1388 993 γενίτζαροι,
1429 934 1555 992 ὅπως,

98 1003 172 1045 ἐὰν
199 1002 259 1057 μὴ
287 1004 456 1058 γένηται
483 1002 530 1044 τὸ
557 1006 722 1059 θέλημα
753 1003 914 1056 αὐτῶν,
944 1003 1217 1046 οἷποκτενοῦσι
1247 1004 1318 1046 καί
1346 1002 1457 1059 ἡμᾶς
1484 1006 1557 1045 καί

98 1070 367 1123 ἐρημῶσουσι
397 1068 474 1123 τήν
501 1066 635 1110 πόλιν.
692 1071 827 1111 ταῦτα
858 1071 904 1111 δὲ
930 1071 1009 1112 τοῦ
1033 1072 1221 1124 γέροντος
1251 1072 1554 1123 ε’νωτισαμένου

45 1141 88 1175 15
102 1137 294 1190 ἐλυπήθη
325 1138 398 1177 καί
422 1133 561 1177 ἔστενε
588 1137 752 1191 βαρέως
779 1139 853 1178 καί
878 1137 1145 1192 κατηράσατο
1174 1138 1366 1191 μεγάλως
1392 1138 1450 1194 τῷ
1480 1135 1560 1195 υἱῷ

98 1200 206 1254 μετοὶ
246 1200 443 1255 δακρύων
478 1203 662 1255 θερμῶν.
731 1201 770 1243 οἱ
811 1204 858 1244 δὲ
894 1206 1129 1258 γενίτζαροι
1164 1202 1244 1254 ἔξω
1283 1200 1458 1253 ἑστῶτες
1486 1204 1559 1245 καί

96 1269 385 1321 περιμένοντες
433 1264 575 1321 ὥσπερ
625 1263 765 1322 ἄγριοι
808 1270 938 1323 θῆρες
969 1269 1218 1324 ἐφαίνοντο;
1245 1273 1436 1318 πνέοντες
1469 1271 1555 1323 πῦρ

97 1334 170 1373 καί
197 1331 331 1385 λαβήν
362 1334 590 1386 ζητοῦντες.
670 1333 858 1389 ἠρώτησε
892 1336 938 1376 δὲ
968 1334 990 1376 ὁ
1020 1335 1221 1388 βασιλεὺς
1252 1333 1314 1377 ὅτι
1345 1332 1446 1376 ἄνευ
1475 1337 1559 1376 τῶν

99 1398 348 1453 γενιτζάρων
378 1397 429 1440 τὰ
459 1394 566 1440 ἄλλα
592 1397 780 1453 τάγματα
812 1402 860 1442 τί
881 1404 991 1455 λέγει
1015 1401 1114 1456 περὶ
1141 1402 1313 1451 τούτους
1344 1403 1416 1443 καί
1443 1397 1560 1442 εἶπον

43 1461 278 1513 20“πάντες
297 1466 518 1517 ἐξέκλιναν,
541 1468 733 1520 βασιλεῦ’,
758 1469 906 1520 μικροί
919 1483 963 1508 τε
991 1468 1063 1509 καί
1088 1469 1302 1522 μεγάλοι.”
1358 1467 1416 1522 μή
1450 1465 1560 1520 ἔχων

106 1530 155 1571 δὲ
186 1530 232 1571 τί
255 1529 328 1570 καί
356 1533 542 1585 ποιῆσαι,
570 1530 643 1571 καί
671 1528 782 1572 ἄκων
807 1535 877 1586 τῆς
907 1533 1042 1587 ἀρχῆς
1069 1534 1322 1589 ἀνεχώρησε.

209 1596 270 1637 Ἐν
299 1594 379 1637 ἔτει
411 1595 461 1650 δὴ
497 1594 561 1653 'Cn'
589 1597 693 1651 μηνί
729 1598 931 1656 άπριλλι’ῳ
960 1599 1021 1640 κδ’
1051 1601 1236 1655 πρωΐας,
1279 1595 1456 1654 ἄραντες
1485 1598 1555 1641 τὸν

100 1763 187 1795 foris
212 1763 396 1804 remansit3
432 1763 653 1810 exibantque
679 1765 838 1810 ‘singulis
878 1764 975 1799 horis
1010 1766 1055 1799 ad
1088 1778 1167 1800 eum
1201 1769 1342 1812 agmina
1366 1767 1552 1802 hominum

99 1808 246 1842 honoris
269 1814 306 1842 et
331 1809 566 1844 subiectionis
592 1823 708 1853 causa,
734 1813 858 1846 relicto
887 1813 986 1846 intus
1013 1825 1097 1847 sene
1123 1815 1211 1848 solo.

194 1866 270 1899 Hoc
294 1866 399 1899 modo
425 1868 551 1901 animis
566 1868 753 1903 hominum
772 1871 810 1904 in
831 1871 1006 1903 contraria
1031 1871 1147 1904 studia
1175 1871 1374 1912 distractis,
1403 1872 1548 1904 ianizari

99 1911 158 1944 die
184 1911 338 1958 quodam
366 1915 470 1946 armis
494 1916 671 1955 instructi,
694 1928 841 1949 numero
871 1917 991 1950 decies
1017 1918 1141 1959 mille,
1168 1918 1212 1951 ad
1239 1920 1369 1962 regiam
1395 1919 1549 1964 profecti

99 1963 195 1998 sunt,
221 1960 372 1992 consilio
398 1966 459 1993 aut
482 1962 550 1994 vim
577 1962 771 1996 adhibendi
799 1963 934 2005 bassis,
959 1969 1021 1997 aut
1050 1965 1243 1998 mandandi
1272 1967 1347 1998 seni
1376 1965 1549 1998 excedere

100 2015 317 2051 regnumque
342 2006 418 2039 filio
457 2008 609 2048 tradere,
635 2015 696 2042 aut
721 2010 907 2042 occidendi
946 2012 1041 2055 ipsos
1068 2012 1265 2056 urbemque
1294 2012 1487 2056 diripiendi
1513 2018 1549 2046 et

97 2052 275 2085 vastandi.
325 2054 384 2098 qui
413 2053 467 2086 his
497 2055 628 2088 auditis
665 2057 797 2101 trepidi
826 2058 972 2101 ancipiti
1003 2069 1107 2098 cura,
1150 2059 1248 2103 quod
1273 2058 1317 2090 ab
1347 2070 1415 2091 una
1445 2065 1548 2103 parte

99 2109 220 2131 senem
248 2106 473 2140 vererentur,
503 2102 547 2133 ab
578 2103 690 2134 altera
718 2104 951 2136 ianizarorum
989 2105 1281 2146 multitudinem,
1306 2105 1351 2137 de
1378 2106 1547 2145 tumultu,

99 2146 260 2190 quamvis
285 2146 410 2186 inviti,
440 2149 656 2181 rettulerunt
679 2149 723 2181 ad
754 2161 869 2194 regem
885 2176 892 2190 ,
917 2151 1095 2195 postulata
1121 2153 1264 2184 illorum
1291 2158 1547 2195 proponentes.

97 2193 279 2225 “instant''
309 2193 479 2238 inquiunt
503 2196 669 2228 “infestis
692 2197 796 2229 armis
824 2197 894 2236 isti,
931 2198 1069 2241 parati,
1094 2199 1164 2231 nisi
1189 2199 1420 2242 cupiditatem
1446 2200 1546 2231 suam

99 2238 303 2271 obtinentes
345 2239 535 2283 expleant,
572 2248 607 2275 et
631 2243 789 2276 occidere
824 2255 888 2276 nos
915 2250 950 2276 et
990 2244 1111 2277 urbem
1136 2244 1290 2290 praedae
1318 2256 1357 2277 ac
1386 2246 1543 2278 vastitati

98 2283 215 2317 dare-'³
279 2296 387 2318 senex
424 2292 463 2320 ut
500 2288 587 2321 llaec
624 2291 780 2334 accepit,
817 2292 1046 2324 contristatus
1073 2297 1150 2331 est,
1180 2291 1333 2334 graviter
1358 2291 1542 2333 ingemuit,

95 2332 240 2377 vimque
274 2332 494 2366 lacrimarum
533 2335 752 2378 profundens
790 2337 863 2369 filio
902 2337 996 2370 diras
1024 2338 1236 2383 imprecatus
1271 2343 1335 2370 est.
1394 2339 1542 2371 ianizari

96 2377 181 2410 soris
206 2382 350 2418 stantes,
378 2379 547 2425 eludique
575 2393 610 2414 se
636 2388 672 2415 et
698 2383 833 2416 extrahi
863 2390 1029 2428 putantes
1047 2409 1055 2423 ‚
1091 2385 1202 2416 instar
1227 2384 1380 2417 serarum
1407 2385 1541 2418 bestia-

96 2435 172 2456 rum
199 2427 399 2469 exasperari
427 2429 558 2470 magi33
597 2429 713 2471 ignem
742 2431 946 2474 ferrumque
973 2430 1167 2471 anhelare,
1187 2441 1226 2462 ac
1255 2436 1390 2464 tautum
1417 2443 1538 2464 ansam

91 2470 186 2503 initii
213 2471 493 2516 circumspicere.
543 2486 620 2506 cum
641 2486 702 2508 rex
727 2477 962 2520 interrogaret
986 2477 1073 2521 quid
1099 2477 1143 2509 de
1167 2476 1235 2509 hoc
1257 2477 1399 2522 incepto
1426 2480 1536 2512 ceteri

93 2518 248 2549 militum
278 2518 420 2551 ordines
448 2521 641 2561 sentirent,
666 2533 737 2566 quo
765 2523 802 2556 in
829 2535 865 2555 se
892 2524 1011 2555 animo
1042 2529 1179 2564 essent,
1207 2534 1413 2568 responsum
1440 2526 1535 2565 tulit,

94 2569 300 2597 cunctorum
326 2567 485 2606 animos,
515 2578 731 2601 summorum
757 2575 792 2602 et
815 2570 1015 2602 infimorum
1044 2580 1182 2602 aversos
1209 2575 1296 2602 es‘se.
1324 2572 1426 2616 inops
1453 2583 1534 2616 ergo

93 2610 170 2655 ipse
197 2611 275 2655 opis
301 2617 335 2644 et
360 2613 501 2645 consilii
529 2613 573 2647 de
602 2615 751 2660 imperio
773 2616 999 2660 qutmtumvis
1025 2616 1156 2649 invitus
1182 2618 1298 2650 cessit.

182 2667 285 2702 Anno
311 2668 419 2713 igitur
442 2672 575 2717 septies
611 2673 802 2707 millesimo
844 2674 1019 2714 vicesimo,
1049 2673 1107 2707 die
1133 2675 1263 2719 Aprilis
1290 2674 1347 2718 24,
1374 2679 1532 2719 tempore
