1754 3016
552 114 979 167 PAmiAncch.
1417 117 1513 167 195

48 224 164 278 στοῦ,
189 222 268 266 τοῦ
292 221 612 280 ,Μυριοφύτοψ
642 225 718 266 τοῦ
744 225 934 280 Μέτρων
958 226 1032 268 καί
1060 225 1141 268 τοῦ
1163 226 1414 282 Τζερουλοῦ,
1441 227 1518 268 καὶ

45 291 133 333 τῶν
154 289 426 344 τιμιωτάτων
453 293 682 346 κληρικαῖν·
739 291 813 333 καί
837 291 1107 348 ἐπρόσφεραν
1123 291 1199 335 τὸν
1225 291 1417 336 εἰκοστόν
1442 290 1515 335 ἔν-

46 371 173 401 νατον
197 357 351 400 κανόνα
386 359 470 400 ταῖν
510 356 641 411 ἁγίων
682 354 927 400 ἀποστόλων
967 357 1043 399 καί
1075 356 1148 401 τὸν
1182 359 1443 414 τριακοστόν,
1474 357 1517 402 οἶ

45 422 185 466 &notos
213 423 459 480 α’ποφὴνουν
487 421 565 477 ὅτι,
595 421 740 473 ὅποιος
766 425 875 478 γένει
894 423 1125 481 α’ρχιερειὶς
1150 420 1336 481 ἢῖερεὺς
1363 421 1390 482 ἢ
1421 426 1516 468 διά-

11 490 131 538 ,ὅκων
162 493 218 544 μὲ
246 494 442 548 φλωρία,
482 487 513 545 ἢ
542 486 646 533 ἄλλο
677 488 874 545 χάρισμα
904 492 1248 546 ἐκκλησιαστικὸν
1277 491 1328 534 νά
1363 492 1514 551 ἐπάρῃ,

0 555 18 588 ἶ·
45 555 99 599 νά
127 556 360 613 καθήρεται
394 557 417 600 ὅ
460 556 690 613 α’ρχιερεύς
730 559 888 607 ἐκεῖνος
916 555 1020 600 ὄποῦ
1062 558 1192 612 ἔκαμε
1217 559 1294 615 τήν
1321 575 1515 616 χειροτο-

23 622 167 680 νίαν,
196 623 352 677 ὁμοίως
390 625 463 668 καί
499 627 652 674 ἐκεῖνος
697 623 805 666 (inoff
842 623 1152 681 ἐχειροτονήθη.
1209 629 1282 669 καί
1305 629 1357 669 οὕ
1381 629 1513 682 μόνον

47 689 100 733 νά
131 690 389 746 καθήρονται
419 691 460 734 οἱ
499 692 649 744 αὐτοί,
690 687 775 746 ἇμὴ
812 695 886 734 καί
919 691 971 734 voi
999 693 1256 747 χωρίζονται
1285 696 1359 749 τῆς
1390 695 1514 749 ἇγιάς

48 757 270 807 κοινωνίας
288 761 373 800 τῶν
393 759 681 814 Χριστιανῶν,
711 757 768 806 ὥς
784 760 928 811 Σίμων
944 757 965 800 ὁ
978 756 1114 813 μάγος
1127 759 1186 801 ὖπ
1203 761 1311 813 ἐμοῦ
1327 761 1511 817 Πέτρου.

12 827 39 862 ⁰
215 824 416 879 Εἴπωμεν
446 828 519 867 καί
543 825 643 879 περὶ
669 827 746 868 τοῦ
774 826 1034 879 ἐμβατικίου.

159 891 328 950 Γράφει
356 891 377 935 ὁ
410 895 543 948 μέγας
573 891 803 943 Βασι’λειος
832 893 938 947 πρὸς
967 892 1068 943 τούς
1098 895 1352 949 ἐπισκόπους
1381 898 1513 938 αὐτοῦ

48 955 114 1002 ὅτι
141 958 193 1002 νά
224 962 358 1015 μηδὲν
395 958 638 1014 λαμβάνουν
681 959 851 1014 φλωρία
891 959 964 1001 καί
1007 960 1195 1012 κάμνουν
1234 965 1510 1016 χειροτονίας,

46 1026 119 1068 καὶ
141 1029 296 1069 θέλουν
317 1028 560 1083 -καθηρεθῆ,
619 1028 679 1076 εἰς
705 1025 806 1068 affui
837 1025 991 1082 γράφει
1014 1026 1088 1068 καί
1112 1027 1211 1082 περὶ
1236 1030 1313 1069 τοῦ
1340 1029 1514 1082 ἒμβατι-

47 1095 153 1145 κίον,
183 1089 292 1134 «inoff
318 1091 564 1146 λαμβάνουν
587 1091 661 1145 τὴν
690 1091 876 1146 σήμερον
905 1095 1074 1145 μερικοὶ
1111 1093 1340 1148 α’ρχιερεῖς.
1398 1091 1515 1148 ὅμως

9 1158 70 1201 ὃὸ
100 1163 216 1208 θεῖος
244 1161 452 1213 Ζωναρᾶς
492 1161 696 1214 ἐξηγεῖται
741 1157 899 1213 ταύτην
928 1157 1004 1213 τὴν
1032 1156 1198 1201 ἔννοιαν
1233 1163 1515 1217 καταλεπτῶς,

48 1227 123 1268 καί
144 1228 254 1279 λέγει
283 1221 347 1268 ὅτι
376 1227 528 1268 ἐκεῖνοι
555 1223 662 1267 ὅποῦ
678 1226 846 1271 πωλοῦν
873 1225 949 1279 τὴν
974 1226 1104 1280 χάριν
1130 1228 1207 1268 τοῦ
1235 1227 1356 1283 ἆγιόυ
1386 1226 1514 1271 uveni..

44 1309 203 1347 ματος,
244 1293 316 1336 διὰ
354 1295 642 1350 φιλαργυρίαν
681 1291 730 1334 τὸ
760 1290 966 1346 κάμνουν,
1015 1292 1042 1347 ἦ
1081 1293 1207 1336 ὁποῖα
1251 1299 1515 1351 φιλαργυρία

48 1358 143 1402 ἔναι
171 1360 267 1417 ῥίζα
295 1359 463 1404 πάντων
490 1363 576 1402 τῶν
604 1361 771 1412 κακῶν,
801 1357 875 1401 καί
900 1358 1150 1412 ὀνομάζεται
1180 1362 1515 1417 εἰδωλολατρεια,

52 1427 159 1469 διότι
187 1424 415 1483 προτιμοὶει
441 1426 490 1470 τά
523 1426 679 1469 εἴδωλα
707 1431 849 1468 πλεῖον
878 1426 994 1482 παρὰ
1033 1425 1106 1469 τόν
1133 1426 1248 1483 θεόν,
1276 1428 1347 1470 καὶ
1373 1435 1514 1482 μιμεῖ.

49 1510 121 1537 ται
159 1492 245 1536 τὸνἱ
260 1495 433 1536 Ἰούδαν.
495 1490 636 1549 ὥσπερ
677 1494 758 1548 γὰρ
800 1496 976 1545 ἐκεῖνος,
1025 1493 1096 1534 διά
1140 1493 1190 1536 vd
1231 1493 1426 1549 κερδήσει
1460 1493 1515 1537 τά

48 1557 249 1617 α’ργύρια,
276 1561 516 1615 ἐπαρέδωκε
565 1559 636 1602 τὸν
665 1562 874 1614 Χριστόν,
906 1556 1041 1608 οὕτως
1070 1562 1142 1601 καί
1168 1563 1337 1614 με’ρικοί
1364 1562 1518 1616 ἀρχιε-

49 1633 136 1683 ρεῖς
167 1627 433 1684 παραδίδουν
470 1628 523 1683 μὲ
569 1625 614 1668 τὸ
644 1625 750 1668 ἴδιόν
788 1642 888 1676 τους
930 1628 1097 1681 θέλημα
1127 1628 1331 1682 δευτέραν
1361 1629 1515 1684 προδο-

49 1762 114 1804 nii,
141 1762 330 1806 bizyensis,
359 1762 502 1795 Laziaei
541 1767 577 1795 et
602 1761 881 1802 Ischnaniensis,
910 1760 1224 1795 devotissimorum
1251 1762 1340 1796 item
1367 1764 1513 1809 episeo-

49 1820 195 1855 porum‚
220 1809 470 1848 Rhaedestini‚
493 1808 817 1854 Myriophytensis‚
858 1809 1050 1842 Meti-ensis
1093 1815 1129 1843 et
1165 1811 1419 1852 Turudensis,
1446 1822 1514 1844 nee

46 1868 124 1892 non
146 1856 405 1890 venerabilium
433 1857 656 1889 clericorum.
724 1862 811 1890 tunc
836 1857 982 1901 allegati
1006 1862 1090 1890 sunt
1116 1857 1305 1901 vigesimus
1331 1870 1448 1893 nonus
1476 1865 1513 1892 et

50 1905 249 1949 trigesimus
288 1915 443 1937 canones
476 1909 678 1937 sanctorum
704 1904 963 1949 apostolorum,
1002 1905 1136 1950 quibus
1163 1905 1232 1938 hoc
1257 1912 1419 1940 sanctum
1445 1913 1512 1947 est,

50 1953 79 1985 si
106 1953 199 1997 quis,
226 1953 438 1997 quicunque
463 1951 583 1991 fuerit,
609 1952 670 1984 fiat
696 1952 859 1996 pontifex
886 1957 948 1985 aut
971 1951 1136 1985 sacerdos
1158 1959 1219 1986 aut
1245 1952 1420 1988 diaconus
1446 1966 1512 1999 pe-

50 2001 176 2032 cuniae
205 1999 436 2038 interventu,
474 2005 537 2031 aut.
574 1999 675 2031 aliud
708 1999 989 2032 ecclesiasticum
1024 2010 1152 2032 munus
1193 2000 1346 2045 accipiat
1366 2027 1376 2042 ,
1403 2001 1512 2035 deiici

52 2046 168 2080 officio
195 2057 259 2080 suo
283 2052 358 2080 tum
386 2047 504 2092 ipsum
531 2046 741 2091 pontificem
760 2046 1035 2090 designatorem,
1063 2052 1138 2080 tum
1164 2048 1330 2089 alterum,
1358 2050 1422 2095 qni
1447 2048 1514 2082 de-

51 2094 210 2137 signatus
236 2094 304 2136 sit3
341 2104 407 2126 nec
443 2104 528 2126 vero
563 2093 672 2126 deiici
711 2093 824 2126 solum
850 2094 968 2135 tales,
992 2093 1056 2127 sed
1091 2095 1198 2130 etiam
1227 2106 1246 2127 e
1274 2106 1371 2129 sacra
1412 2107 1512 2130 com-

50 2142 223 2175 munione
239 2142 381 2187 piorum
396 2141 603 2180 examinari,
640 2141 734 2173 sicut
747 2141 884 2174 Simoni
912 2153 1014 2187 mago
1036 2154 1055 2174 a
1076 2142 1118 2174 D.
1136 2143 1177 2175 D.
1201 2142 1302 2175 Petro
1328 2143 1512 2178 acciderit.

247 2189 413 2221 Dicamus
439 2193 476 2221 et
507 2187 552 2221 de
581 2187 783 2221 embaticio.

146 2235 280 2268 Scribit
311 2236 355 2268 D.
378 2235 525 2268 Basilius
566 2235 610 2268 ad
650 2236 838 2281 episcopos
864 2247 973 2275 suos,
1007 2248 1053 2269 ne
1093 2237 1169 2269 uilo
1209 2242 1313 2282 pacto
1338 2238 1514 2282 pecuniae

54 2293 159 2316 causa
188 2283 322 2316 faciant
347 2282 604 2322 ordinationes,
634 2294 701 2316 nec
726 2282 856 2317 exinde
885 2282 1112 2319 deiiciantur.
1182 2284 1308 2316 scribit
1332 2284 1383 2317 ibi
1409 2290 1446 2318 et
1469 2285 1515 2320 de

55 2330 260 2370 ommacio,
286 2329 383 2375 quod
409 2329 516 2363 hodie
540 2330 732 2375 pontifices
763 2330 910 2375 quidam
948 2331 1107 2375 accipere
1140 2343 1213 2363 non
1241 2336 1420 2365 verentur.
1472 2334 1515 2367 D.

54 2377 225 2418 Zonaras,
270 2377 472 2410 sententiae
508 2376 614 2410 huius
654 2379 837 2422 expositor
870 2377 1013 2411 subtilis
1038 2383 1074 2410 et
1102 2377 1276 2421 diligens,
1302 2377 1392 2413 dicit
1421 2381 1515 2422 uini,

54 2425 118 2470 qui
145 2424 306 2458 vendunt
352 2425 501 2467 gratiam
525 2425 637 2457 sancti
663 2426 820 2470 spiritus,
858 2437 922 2471 per
947 2425 1133 2457 avaritiam
1158 2425 1195 2457 id
1222 2424 1371 2460 faciunt.
1420 2439 1514 2473 quae

55 2471 205 2504 avaritia
230 2476 285 2504 est
309 2471 411 2504 radix
435 2472 591 2517 omniugn
615 2473 800 2511 malorum,
827 2478 863 2505 et
881 2473 1088 2504 nominatur
1111 2471 1319 2505 idolotatria
1345 2485 1388 2507 eo
1414 2475 1515 2520 quod

56 2518 246 2564 anteponit
270 2518 368 2551 idola
397 2518 479 2559 deo,
503 2519 611 2562 magis
639 2530 680 2552 ea
710 2519 901 2559 honorans,
940 2524 975 2551 et
1004 2519 1164 2551 imitatur
1192 2518 1326 2554 ludam.
1353 2526 1393 2554 ut.
1418 2523 1514 2555 enim

58 2565 123 2599 ille
160 2566 207 2598 ob
231 2566 508 2599 lucrifaciendos
544 2571 734 2610 argenteos
772 2565 934 2611 prodidit
969 2565 1172 2605 Christum,
1208 2568 1255 2599 ita
1282 2573 1318 2601 et
1343 2570 1513 2602 nonnulii

57 2614 246 2658 pontifices
270 2624 334 2646 sua
360 2614 548 2647 voluntate
581 2613 700 2647 denuo
728 2613 908 2647 Christum
935 2612 1102 2657 produnt,
1139 2613 1202 2659 qui
1229 2615 1339 2648 semel
1365 2627 1430 2660 pro
1455 2628 1514 2650 sa-

57 2659 136 2693 lute
161 2665 284 2694 nostra
308 2662 346 2694 in
371 2671 509 2694 crucem
534 2660 694 2695 sublatus
724 2661 806 2694 fuit.
834 2661 870 2693 in
893 2665 1033 2693 tantum
1061 2661 1155 2694 enim
1181 2662 1370 2696 imitantur
1390 2663 1513 2698 ludam

57 2707 147 2742 tales
173 2707 378 2755 pontifices,
402 2710 464 2756 qui
495 2708 589 2743 dona
616 2709 780 2744 vendunt
798 2707 968 2754 spiritus,
996 2713 1035 2742 ut
1073 2714 1109 2742 et
1131 2708 1210 2742 loca
1233 2720 1327 2756 quae
1356 2711 1419 2745 tali
1444 2722 1512 2760 pe-
