1754 3016
663 128 932 181 Pom'ricA.
1458 136 1523 182 37

70 239 212 280 «ssave
237 237 285 280 δὲ
307 237 403 278 »ἐκεῖ
425 235 449 277 ὅ
478 235 624 290 κύριος
642 239 798 291 Δαβίδ,
825 234 1069 290 ὁρμώμενος
1094 236 1141 277 ἐκ
1167 237 1245 276 τοῦ
1271 237 1417 289 γένους
1443 236 1528 277 τῶν

13 300 22 351 [⁷
73 303 330 359 Κομνηνῶν·
386 299 433 352 ὃς
462 301 567 344 ἰδών
594 302 670 355 τη“ν
698 302 896 356 τοιαύτην
935 302 1104 356 ἀθρόαν
1129 299 1295 342 ἔλευσιν
1321 303 1397 342 καί
1422 304 1528 355 πλη-

0 365 12 423 ξ
71 367 169 419 θῦν,
201 370 276 409 καί
300 365 360 422 μὴ
392 367 623 419 δυνάμενός
651 384 692 410 τι
721 367 1062 421 διαπράξασθαι,
1089 365 1163 408 καί
1188 361 1300 407 ἅκων
1326 366 1529 420 προσεκύ-

71 448 207 487 νησεν.
264 433 438 487 ἐζήτησε
467 433 514 473 δέ
542 449 637 473 τινα
669 432 914 487 ζητήματα,
942 433 1016 473 καί
1052 430 1164 480 ὅπως
1206 431 1315 488 λάβῃ
1352 432 1428 472 καί
1453 430 1529 485 τὴν

0 503 12 563 Ξ
38 498 452 552 ὂθυγατέραναῦτοῦ
481 499 542 546 εἰς
571 505 773 552 γυναῖκα·
831 494 860 538 ἃ
889 496 939 552 δὴ
971 496 1044 538 καί
1070 496 1278 550 ὑπέσχετο
1303 496 1379 537 καί
1399 498 1528 549 μέρος

72 565 278 618 ἐποίησεν.
333 559 423 617 εἶχε
451 565 498 604 δὲ
525 565 599 604 καί
634 560 784 615 ἑτέραν
821 563 1086 617 θυγατέραν,
1117 560 1302 616 ἔχουσαν
1329 561 1405 603 τὸν
1441 562 1532 602 Ου’-

7 623 13 631 ’
74 629 172 679 ζοῦν
197 629 390 684 χασᾰνην
431 630 477 670 έν
519 631 578 686 τῷ
610 630 817 685 Τευριζῃ,
846 625 893 676 ὃς
928 629 1144 682 ἐγέννησεν
1170 629 1216 678 ἐξ
1244 626 1380 682 αὐτῆς
1407 623 1530 676 υἱοῦς

72 699 200 748 τρεῖς,
227 694 272 743 ἐξ
299 687 359 735 ὧν
384 693 459 735 καί
482 689 629 748 ἤλπιζε
658 692 874 747 βοήθειαν.
956 692 1045 734 ἀλλ’
1070 689 1193 746 εὗρεν
1221 693 1369 734 ου’δέν·
1425 693 1531 747 ἐφο-

72 763 185 812 βεῖτο
211 758 306 814 γάρ.
362 756 461 801 ὅθεν
490 763 564 801 καί
602 762 799 813 πρέσβεις
828 759 992 812 ἔπεμψε
1030 761 1104 800 καί
1132 758 1209 812 την
1233 762 1408 814 μητέρα,
1437 760 1532 799 δια.-

0 825 413 878 ἰ,ιοβεβαιωσιίμενος
450 824 555 877 μετά
602 824 751 878 δώρων
787 827 951 866 πολλῶν
988 821 1052 866 ὅτι
1096 823 1172 865 οῦκ
1212 824 1394 872 ἐναντίος
1421 823 1528 865 ἀλλὰ

3 898 6 901 ’
75 893 211 947 φίλος.
266 891 495 942 α’πεδέξατο
525 892 573 932 δὲ
605 890 739 946 αὐτὴν
769 892 964 943 α’σμένως
1000 892 1075 932 καί
1100 888 1384 946 φιλοφρόνως.
1414 892 1532 938 τέλος

73 955 246 1012 ἐζήτησε
271 955 347 998 καὶ
390 951 511 1006 οὗτος
537 954 559 998 ὃ
587 960 851 1010 ταλαίπωρος
887 957 1087 1009 βασιλεὺς
1122 957 1438 1011 Τραπεζοῦντος
1463 953 1532 996 τό-

74 1038 150 1064 πον
177 1023 237 1072 εἰς
281 1023 520 1078 διατροφην
558 1024 690 1065 αὐτοῦ
716 1038 761 1064 τε
795 1024 975 1064 καὶτῶν
1017 1023 1181 1063 οἰκείων
1217 1021 1376 1063 αὑτοῦ·
1432 1018 1533 1062 ὅθεν

74 1089 147 1130 καί
171 1088 250 1138 τοὶς
279 1092 390 1137 κλεῖς
417 1088 618 1142 ἔπεμψεν,
651 1090 787 1129 αὐτοῦ
825 1093 1069 1142 στέρξαντος
1098 1089 1173 1128 τοῦ
1201 1086 1435 1128 σουλτᾰνου
1457 1087 1532 1135 τὰς

18 1158 62 1192 15
75 1154 271 1208 αἰτήσεις.
299 1166 302 1169 “
326 1155 546 1208 ἐκυρίευσε
576 1157 622 1196 δὲ
652 1154 727 1209 τήν
754 1153 958 1209 τοσαύτην
998 1155 1209 1207 ἐπαρχίαν
1233 1154 1366 1206 χωρίς
1392 1153 1534 1193 κόπων

75 1217 103 1275 ἢ
131 1223 343 1272 πολέμων,
385 1217 467 1260 α’πὸ
494 1219 765 1271 ’Λμισοῦντος
799 1223 928 1273 μέχρι
958 1221 1041 1260 τῶν
1070 1217 1200 1274 ὁρίων
1226 1219 1422 1273 Ἰβηρίας,
1452 1215 1532 1258 κὰ-

73 1301 181 1339 στρα
210 1282 463 1340 καί-χώρας
508 1286 582 1326 καί
622 1284 765 1340 πλήθη
805 1284 952 1326 πολλά.
1026 1284 1198 1339 ἐποίησε
1236 1285 1282 1325 δὲ
1321 1282 1394 1325 τόν
1426 1281 1531 1324 λαόν

81 1351 396 1403 Τραπεζοῦντος
421 1351 482 1400 εἷς
510 1353 683 1404 μερίδια
702 1351 811 1404 τρία.
868 1352 941 1392 καί
970 1348 1016 1392 τὸ
1047 1353 1126 1403 μὲν
1157 1350 1200 1390 ἓν
1226 1352 1353 1402 μέρος
1381 1347 1531 1402 ἔλαβεν

76 1413 204 1463 αὐτὸς
232 1414 305 1456 καί
347 1413 387 1457 οἶ
412 1418 662 1470 μεγιστᾶνες
703 1417 838 1458 αιῖτοῦ
868 1418 925 1457 δι’
953 1415 1204 1471 ὑπηρεσίαν,
1232 1414 1278 1457 τὸ
1310 1416 1357 1455 δὲ
1387 1415 1586 1467 {repom

18 1487 66 1524 20
79 1475 248 1536 ἤνεγκον
279 1484 584 1535 σουργοῦνιδας
628 1485 894 1537 (παροίκους)
938 1483 983 1524 ἐν
1012 1482 1352 1534 Κωνσταντίνου,
1380 1479 1454 1521 καί
1481 1479 1529 1520 τὸ

75 1549 216 1599 τρίτον
253 1547 414 1602 α’φῆκεν
454 1549 545 1588 ἐκεῖ
578 1550 703 1589 οἰκεῖν
742 1550 819 1589 ov'x
859 1547 978 1589 ἔνδον
1014 1549 1104 1589 ἀλλ’
1150 1546 1231 1596 ἔξω
1255 1550 1336 1588 τῶν
1366 1547 1530 1599 τειχῶν.

74 1610 148 1654 τόν
178 1615 355 1664 βασιλέα
384 1614 430 1655 δὲ
458 1615 763 1668 Τραπεζοῦντος
806 1616 880 1655 καί
907 1612 1067 1663 πάντας
1093 1613 1190 1663 τοῦς
1218 1609 1424 1667 ἄρχοντας
1455 1613 1530 1664 ἑμ-

79 1798 179 1831 cuius
205 1809 266 1831 rex
293 1804 370 1832 erat
393 1798 576 1840 Davides,
604 1799 801 1832 Comnenia
841 1800 951 1844 stirpe
986 1798 1171 1832 oriundus.
1221 1798 1279 1831 hic
1309 1803 1381 1831 tam
1407 1797 1528 1830 subito

79 1850 256 1878 tantarum
281 1847 462 1890 copiarum
490 1845 644 1878 adventu
675 1846 894 1890 perterritus,
919 1857 999 1878 cum
1025 1846 1161 1878 viribus
1192 1845 1381 1878 resistendi
1412 1843 1527 1877 desti-

81 1897 250 1930 tueretur,
275 1903 324 1932 se,
354 1893 583 1937 quantumvis
623 1894 756 1925 invitus
773 1918 783 1933 ,
809 1893 987 1925 submisit.
1044 1893 1243 1937 postulavit
1282 1890 1458 1937 quaedam
1482 1891 1527 1923 ab

80 1949 123 1971 eo
149 1939 332 1979 sultanus3
361 1950 510 1984 quorum
539 1950 648 1971 unum
670 1945 746 1972 erat
770 1945 810 1971 ut
835 1940 943 1971 [iliam
968 1941 1044 1972 eius
1070 1940 1218 1971 duceret
1241 1950 1406 1979 αισι-ειυς
1434 1948 1527 1982 quae

80 1985 143 2016 ille
167 1985 294 2017 annuit
319 1991 357 2017 et
381 1997 423 2018 ex
453 1991 553 2029 parte
579 1987 676 2018 fecit.
726 1985 883 2018 habebat
911 1992 947 2019 et
970 1987 1115 2019 aiteram
1142 1987 1262 2024 filiam,
1289 1997 1367 2017 cum
1394 1986 1528 2017 Uzuca-

80 2042 165 2063 saue
190 2033 227 2063 in
254 2032 343 2064 urbe
367 2033 495 2065 Tauris
519 2038 687 2077 nuptam,
729 2033 790 2077 qui
820 2043 864 2065 ex
891 2044 932 2064 ea
958 2033 1152 2065 sustulerat
1181 2033 1272 2064 filios
1309 2038 1391 2064 tres.
1442 2030 1527 2063 inde

81 2078 252 2110 auxilium
277 2079 467 2122 sperabat,
491 2078 553 2111 sed
579 2081 729 2112 frustra:
769 2086 866 2111 metu
893 2080 987 2111 euim
1017 2081 1199 2123 perculsus
1228 2080 1447 2111 Uzucasaues
1475 2078 1528 2109 ie-

80 2130 179 2168 gatos
204 2125 316 2167 (inter
340 2137 430 2170 quos
467 2131 505 2158 et
531 2130 694 2168 matrem)
726 2125 769 2158 ad
803 2126 982 2158 sultanum
1019 2127 1124 2165 misit,
1160 2126 1372 2158 confirmans
1406 2123 1528 2156 multis

80 2181 160 2203 cum
184 2170 287 2203 donis
315 2183 352 2204 se
377 2183 447 2204 nou
475 2183 550 2205 esse
576 2173 643 2217 ipsi
668 2171 908 2205 adversarium
934 2173 997 2205 sed
1022 2173 1184 2204 amicum.
1235 2171 1374 2214 accepit
1398 2170 1528 2202 mulie·

82 2228 152 2250 rem
179 2217 332 2260 benigne
370 2219 531 2252 sultanus
570 2225 605 2251 et
635 2226 797 2252 amanter
831 2219 876 2251 ad
913 2225 1107 2252 extremum
1135 2219 1243 2251 miser
1265 2218 1528 2262 'l'rapezuutius

82 2275 143 2296 rex
171 2264 286 2296 locum
317 2265 385 2297 sibi
420 2277 439 2297 a
465 2264 580 2298 Turca
605 2265 680 2298 dari
704 2267 822 2310 petiit,
858 2264 953 2298 unde
982 2267 1153 2298 alimenta
1182 2277 1245 2309 pro
1268 2275 1305 2297 se
1331 2269 1367 2296 et
1394 2263 1527 2295 familia

82 2321 144 2343 sua
171 2309 301 2343 habere
330 2318 461 2355 posset.
509 2313 686 2356 petitione
714 2324 791 2344 cum
821 2313 982 2345 soltanus
1011 2313 1258 2357 acquievisset,
1284 2311 1410 2342 missae
1439 2315 1525 2343 suut

82 2356 127 2389 ab
143 2356 207 2389 ino
226 2368 266 2389 ac
290 2357 441 2391 traditae
458 2359 584 2392 claves.
612 2359 662 2391 ita
682 2365 815 2391 tautam
837 2360 1053 2403 provinciam
1078 2359 1213 2402 absque
1228 2357 1350 2389 labore
1368 2367 1406 2388 ac
1422 2366 1527 2399 prae-

81 2403 140 2435 liis
163 2402 313 2448 adeptus
340 2410 413 2446 est3
439 2417 530 2450 quae
556 2405 600 2436 ab
629 2406 813 2438 Amisunte
838 2406 982 2438 initium
1009 2406 1153 2449 capiens
1180 2415 1290 2448 usque
1314 2403 1360 2435 ad
1386 2402 1527 2435 iberiae

82 2448 207 2494 (hodie
237 2450 474 2493 Georgianam
497 2452 695 2497 appellant)
721 2452 809 2485 fines
834 2453 1037 2496 porrigitur,
1067 2450 1208 2495 oppidis
1236 2450 1382 2482 urbibus
1408 2448 1527 2481 bomi-

82 2495 188 2528 nibus
215 2496 381 2541 frequens
407 2504 442 2531 et
466 2509 663 2532 numerosa.
713 2500 805 2531 cives
819 2499 1080 2542 Trapezuntios
1098 2497 1266 2529 trifariam
1284 2497 1436 2540 partitus
1460 2500 1527 2527 est.

89 2553 192 2574 unam
222 2549 354 2586 partem
382 2545 456 2589 ipse
483 2545 550 2577 sibi
588 2555 627 2576 ac
654 2546 860 2590 purpuratis
889 2546 961 2576 suis
988 2545 1023 2576 iu
1048 2545 1226 2576 ministros
1248 2543 1410 2587 sumpsit,
1435 2542 1526 2574 aite-

84 2600 155 2620 ram
182 2589 219 2620 iu
257 2590 380 2622 urbem
414 2592 637 2624 Constantini
678 2592 825 2624 colonos
867 2591 1037 2629 deduxit,
1075 2591 1216 2623 tertiam
1240 2590 1315 2622 illie
1346 2592 1381 2622 in
1414 2589 1528 2633 patria

84 2634 247 2668 habitare
288 2637 415 2677 iussit,
438 2650 509 2671 non
535 2638 679 2682 quidem
708 2639 799 2670 intra
836 2638 970 2676 urbem,
995 2636 1059 2669 sed
1085 2642 1184 2670 extra
1210 2636 1364 2669 moenia.
1414 2637 1527 2679 ipsum

85 2692 200 2726 regem
235 2683 512 2728 Trapezuntium
551 2690 588 2717 et
629 2696 751 2717 omnes
788 2684 864 2718 eius
898 2684 1096 2729 primores,
1136 2684 1174 2716 in
1200 2694 1307 2717 naves
1332 2682 1527 2720 coniectos,
