1754 3016
695 74 971 124 vonum.
1470 75 1533 119 73

80 193 156 219 σον
180 173 249 219 ὅτι
278 172 432 232 ἤρξατο
449 177 654 231 ἁρπάζειν
681 179 754 220 καὶ
780 184 1036 222 καταπατεῖν
1061 177 1114 221 τὰ
1136 174 1236 232 ὅρια
1253 178 1334 219 τῶν
1356 177 1541 229 Ὀτμαν-

81 244 222 285 λιδῶν.
279 245 372 284 ἀλλ’
401 239 477 285 οὖν
507 243 528 285 ὃ
559 244 743 286 σουλτὰν
773 245 953 300 Σελᾲιης
979 248 1128 298 καίπερ
1155 236 1322 286 ἀκοίἕων
1349 241 1539 296 εἰρήνευε

81 313 157 351 καί
182 306 327 363 μάχην
352 311 425 351 καί
449 310 631 361 πόλεμον
658 307 735 351 οὔκ
761 314 959 364 ἐκίνησεν.
1016 310 1210 365 ἑτιμώρει
1232 310 1279 350 δὲ
1303 307 1434 361 μόνον
1463 323 1540 359 με·

79 374 227 428 γάλως
246 373 403 423 πάντας
430 374 528 424 τούς
558 374 632 431 ὑφ’
660 374 789 417 αὑτὸν
817 376 990 426 ἀδίκους
1014 378 1088 417 καί
1113 373 1321 429 ἅρπαγας.
1376 371 1542 425 ἔπεμψε

47 441 130 483 ὅδὲ
159 437 180 480 ὃ
209 439 303 494 Σάχ
326 438 500 495 ’[σμαὴλ
530 437 651 490 οὗτος
679 443 876 494 πρέσβεις
909 441 1018 492 μετά
1045 440 1308 495 δωρημάτων
1335 441 1408 480 καί
1435 436 1541 479 ὕπο-

82 509 269 560 σχέσεων
295 509 368 549 καί
393 501 540 562 ὅρκων,
569 507 638 548 ἵνα
666 509 814 561 μηδείς
836 524 878 548 τι
905 506 1071 563 ἁρπάζῃ
1099 506 1306 560 α’λλήλων,
1339 501 1429 546 ἀλλ’
1460 502 1538 560 ἔχῃ

82 573 255 621 ἕκαστος
281 570 334 614 τὰ
362 570 459 624 ὅρια
487 573 632 625 αὐτοῦ,
662 572 735 613 καί
763 569 894 619 οὕτως
925 571 1186 627 εἶρὴνευσαν.

194 639 414 693 Μεινάσης
442 639 488 679 δὲ
517 639 591 691 τῆς
620 638 786 693 εἰρήνης
803 640 867 680 ἐπ’
896 639 1032 692 ὀλίγον
1058 639 1185 679 πάλιν
1210 636 1330 691 μάχη
1361 638 1538 691 ἐγένετο,

81 702 154 744 καὶ
182 703 454 758 ἐστράτευσεν
489 701 511 744 ὅ
549 704 734 745 σουλτὰν
771 704 952 759 Σελίμης
992 706 1077 746 κατ’
1110 703 1244 745 αὐτοῦ
1272 703 1380 755 μετὰ
1410 719 1542 756 στρα-

27 777 71 810 1⁰
82 770 172 818 τιᾶς
198 769 379 824 μεγάλης
423 771 496 812 καί
535 769 712 824 α’πείρου
743 771 897 826 εἰπεῖν,
939 766 1007 812 ὅτε
1037 772 1110 811 καὶ
1137 769 1349 811 ἑδούλωσε
1379 768 1541 822 aetherea

82 834 156 876 καί
179 836 327 888 χώρας
355 837 428 877 καί
453 835 581 883 λαούς
611 836 791 884 πολλούς
817 838 894 877 τοῦ
926 839 1101 888 Πέρσου
1129 835 1293 888 τούτου,
1323 833 1370 876 τὸ
1389 836 1542 887 Kapa-

80 903 238 953 χεμίτι,
268 899 315 942 τὸ
349 903 664 953 Μπαῖμποιίρτι
693 904 768 942 καί
794 900 840 942 τὸ
873 904 1056 956 Τευρίζι,
1088 897 1194 942 ὅπου
1226 899 1404 952 πόλεμος
1432 914 1543 954 σφο-

83 965 184 1019 δρὸς
213 964 373 1019 ἐγένετο
407 970 480 1008 καί
511 969 674 1020 πλῆθος
708 970 815 1008 λαοῦ
850 966 895 1017 ἐξ
931 964 1139 1020 ἑκατέρων
1178 964 1338 1007 ἔπεσον.
1407 962 1546 1019 ὑπῆρ-

81 1047 158 1084 χον
198 1033 278 1084 μὲν
309 1033 399 1087 ’γάρ
442 1031 481 1073 οἱ
513 1035 685 1085 Πέρσαι
732 1033 886 1088 δόρασι
928 1032 1000 1074 καί
1038 1035 1181 1085 βέλεσι
1221 1033 1438 1085 κρείττους
1464 1031 1547 1072 τῶν

27 1088 357 1148 15Ότμανλίδων
398 1097 500 1139 κατὰ
545 1101 678 1154 πολύ,
713 1099 787 1141 καί
821 1098 1065 1152 ἐτρόπωσαν
1108 1095 1161 1139 ὃν
1197 1097 1377 1151 αὐτούς,
1417 1095 1456 1138 οἱ
1498 1098 1546 1138 δὲ

74 1164 346 1216 Ὀσμανλίδες
370 1167 415 1206 ἐν
432 1169 560 1217 πυρῒ·
590 1163 704 1218 εἶχον
730 1165 810 1219 γάρ
829 1165 1075 1219 βομβάρδας
1090 1165 1163 1206 καί
1176 1168 1379 1220 τουφέκια
1397 1161 1546 1221 πρλλά.

87 1231 163 1270 καί
191 1226 392 1284 ῥίψαντες
418 1233 566 1285 πάντα,
596 1233 756 1284 ἐγένετο
783 1230 940 1278 καπνός
966 1235 1100 1284 μέγας
1127 1229 1199 1271 καί
1229 1228 1375 1282 κρότος
1402 1229 1546 1282 πολύς,

87 1293 131 1344 ἐξ
159 1311 220 1335 ων
264 1294 316 1349 δὴ
346 1312 477 1337 οντων
506 1297 735 1351 ασυνήθων
772 1300 855 1339 τῶν
895 1299 1033 1339 ἵππων
1057 1298 1198 1338 αὐτῶν
1234 1298 1318 1336 τῶν
1347 1297 1546 1350 Περσῶν,

84 1358 241 1414 ἔφυγον
270 1355 423 1402 ὄπισθε
449 1366 522 1404 καί
549 1362 733 1405 α’κόντων
761 1367 842 1405 τῶν
877 1361 1087 1416 ἑπιβάτων
1113 1379 1183 1403 και
1209 1362 1415 1403 ‹inii-nov
1473 1363 1549 1402 καί

27 1435 74 1470 20
86 1421 215 1474 οὕτως
241 1427 434 1481 ενίκησαν
460 1429 617 1477 αὐτους
655 1428 751 1477 τοὺς
780 1431 957 1483 Πέρσας
1000 1427 1038 1469 οἱ
1065 1425 1345 1481 Ὀτμανλίδες,
1374 1427 1447 1469 καὶ
1471 1442 1545 1475 ους

83 1493 164 1542 μὲν
191 1495 425 1544 συνέλαβον
453 1495 495 1534 ἐν
523 1496 570 1550 τῇ
593 1494 729 1550 μα’χῃ,
760 1491 879 1535 αλλοι
910 1495 955 1534 δὲ
983 1493 1055 1534 καὶ
1082 1492 1257 1548 ἔ.φυγον
1314 1491 1467 1545 ἔλαβον
1497 1494 1544 1533 δὲ

85 1558 264 1599 πλοῦτον
291 1558 423 1599 πολύν
462 1563 545 1601 ταῖν
574 1563 760 1615 Περσῶν
800 1559 837 1601 οἱ
867 1559 1151 1613 Ὀτμανλίδες,
1183 1560 1256 1600 καί
1285 1558 1443 1613 σκηνάς
1473 1561 1547 1599 καί

86 1689 187 1718 num,
213 1680 411 1724 occupavit.
481 1673 570 1713 adeo
606 1680 762 1726 denique
800 1681 911 1713 crevit
939 1686 979 1713 ut
1003 1681 1090 1713 fines
1122 1681 1228 1713 etiam
1255 1680 1451 1713 Turcarum
1480 1690 1545 1712 ex-

88 1726 315 1758 cursionibus
343 1732 380 1759 et
405 1727 699 1770 praedationibus
727 1728 893 1772 populari
919 1739 992 1760 non
1018 1727 1250 1760 dubitaverit.
1300 1732 1459 1760 attamen
1477 1727 1545 1760 Se-

90 1772 203 1813 limes,
231 1773 316 1806 licet
342 1773 430 1806 haec
457 1774 622 1814 audiret,
668 1775 808 1818 quievit
842 1786 907 1807 nec
942 1774 1078 1807 beilum
1103 1785 1249 1807 movere
1277 1785 1461 1817 aggressus
1481 1779 1545 1806 est.

89 1824 227 1852 tantum
254 1820 471 1863 gravissimis
513 1822 698 1865 suppliciis
731 1821 1003 1854 iniustissimum
1043 1832 1224 1867 quemque
1256 1821 1482 1854 subditorum
1510 1825 1548 1853 et

91 1871 194 1910 rapto
221 1867 379 1899 viventes
408 1868 635 1901 subiiciebat.
696 1869 794 1901 misit
823 1881 884 1901 rex
913 1869 1042 1901 Ismael
1075 1869 1291 1912 legationem
1322 1879 1399 1899 cum
1427 1867 1547 1908 donis,

88 1913 331 1956 promissione
357 1915 526 1959 utrinque
552 1915 619 1947 sub
643 1915 819 1958 religione
855 1915 1082 1948 iurisiurandi
1119 1916 1222 1955 facta,
1247 1926 1292 1947 ne
1318 1915 1424 1947 alteri
1450 1915 1546 1947 alte-

91 1969 209 1992 rorum
256 1971 310 1992 res
338 1967 525 2005 raperent,
560 1961 623 1994 sed
650 1964 794 2007 utrique
818 1974 900 1995 suos
941 1962 1031 1995 fines
1058 1973 1181 1995 secure
1207 1961 1447 2008 possiderent.
1495 1961 1547 1994 ita

88 2016 210 2051 pacem
239 2006 440 2040 coluerunt.

222 2065 354 2099 Verum
395 2077 482 2110 pace
517 2066 579 2098 ina
631 2077 704 2098 non
741 2065 800 2097 din
849 2072 1015 2099 manente
1055 2067 1190 2099 benum
1239 2071 1443 2098 renovatum
1478 2069 1545 2106 est,

92 2111 339 2156 proficiscente
376 2118 499 2145 contra
549 2113 653 2144 illum
694 2112 827 2145 Selime
865 2123 990 2155 magno
1028 2126 1105 2146 cum
1139 2114 1295 2145 exercitu
1338 2118 1375 2145 et
1412 2122 1545 2156 prope-

87 2158 232 2191 modum
267 2160 468 2192 innumero.
518 2164 603 2192 tunc
640 2159 670 2191 is
708 2158 859 2204 oppida,
898 2165 1036 2198 castra,
1079 2161 1152 2203 agri
1191 2170 1353 2201 magnam
1393 2163 1544 2202 partem,

87 2215 253 2248 nagnum
279 2205 461 2239 hominum
485 2217 671 2238 numerum
692 2206 815 2238 Persae
840 2206 996 2250 eripuit3
1022 2207 1115 2240 inter
1132 2217 1225 2251 quae
1243 2205 1540 2238 Carachemitium

90 2252 312 2284 Baiburtium
339 2258 375 2285 et
398 2254 536 2286 Tauros
563 2252 681 2287 urbes.
745 2253 967 2285 commissum
1005 2253 1089 2286 inde
1118 2253 1324 2285 acerrimum
1351 2252 1541 2296 praelium,

90 2298 213 2331 multis
239 2310 282 2330 ex
310 2305 461 2344 utraque
487 2300 563 2331 acie
586 2298 733 2332 milibus
762 2301 885 2331 caesis.
937 2301 1042 2332 armis
1069 2301 1162 2332 enim
1189 2299 1342 2338 Persae,
1370 2298 1481 2331 hastis
1506 2303 1544 2331 et

91 2345 184 2383 telis,
214 2345 320 2389 longe
346 2347 588 2379 instructiores
612 2346 737 2379 Tur-cis
764 2353 885 2386 erant3
913 2352 949 2379 et
974 2358 1084 2390 prope
1109 2347 1179 2378 suit.
1206 2351 1245 2378 ut
1269 2346 1306 2377 in
1335 2345 1453 2389 sugam
1482 2357 1543 2378 eos

88 2396 281 2424 verterent.
341 2393 566 2426 Ottomauica
603 2404 686 2425 vero
724 2404 776 2424 res
815 2394 895 2436 igne
936 2395 1120 2437 superior:
1158 2391 1343 2424 habebant
1384 2393 1478 2424 enim
1507 2391 1543 2424 hi

89 2447 250 2480 magnam
283 2437 557 2471 bombardarum
592 2444 628 2471 et
660 2444 915 2471 tormentorum
960 2439 1221 2471 manuariorum
1257 2439 1350 2476 vim;
1393 2449 1542 2483 quorum

91 2484 251 2517 omnium
277 2486 465 2518 emissione
491 2485 720 2518 densissimus
747 2488 920 2518 excitatus
965 2486 1031 2518 fuit
1061 2487 1175 2516 suiuus
1205 2490 1240 2517 et
1264 2485 1381 2529 fragor
1406 2487 1542 2528 iugens.

90 2541 240 2574 quarum
260 2542 372 2564 rerum
397 2533 481 2574 quia
501 2532 636 2565 insoliti
653 2538 752 2564 erant
764 2534 943 2565 Persarum
977 2533 1058 2575 eqni
1078 2557 1085 2569 ‚
1111 2537 1202 2563 retro
1227 2531 1407 2574 fugeruut,
1432 2543 1545 2576 quan·

91 2578 219 2609 tumvis
245 2579 481 2611 renitentibus
498 2578 695 2612 sessoribus
717 2586 752 2611 et
771 2580 925 2610 armatis.
954 2580 1002 2610 ita
1030 2578 1160 2610 factum
1187 2584 1240 2610 est
1259 2585 1296 2610 ut
1312 2579 1423 2611 Persis
1439 2589 1544 2622 supe-

93 2623 177 2656 ratis
202 2635 312 2669 penes
326 2625 458 2659 Turcas
485 2626 631 2659 victoria
649 2627 828 2659 manserit.
856 2627 1032 2658 Persarum
1058 2625 1242 2670 partimin
1267 2627 1404 2670 praelio
1434 2626 1544 2670 capti,
