1754 3016
575 87 1000 133 PATRIARCfflCA.
1471 83 1531 129 81

78 188 211 238 πολιν,
241 185 318 242 ἀφ’
343 179 398 227 οὗ
425 187 698 239 ἐβασίλευσεν
728 186 859 242 αὐτὴν
875 187 897 229 ὅ
921 187 1052 235 αὐτὸς
1066 185 1304 238 novaram,
1333 186 1391 234 ὥς
1407 183 1540 241 ἐγρά-

78 262 250 304 ψαμεν..
304 254 381 293 καί
420 249 553 294 ‹Badr-
574 251 647 294 τὸν
687 251 848 305 ἔκαμαν
877 255 1169 307 πατριάρχην,
1206 250 1281 294 τὸν
1308 250 1469 306 ἐπῆραν
1499 249 1539 292 οἶ

79 317 291 372 ἀρχιερεῖς
321 319 395 359 καί
422 317 462 358 οἱ
489 318 678 373 κληρικοί
701 319 775 360 καί
801 317 840 360 οἱ
860 320 1023 373 πρῶτοι
1052 321 1130 360 τοῦ
1144 322 1262 374 λαοῦ,
1291 318 1365 360 καὶ
1391 317 1541 373 ὖπῆγε,

79 383 155 424 καὶ
191 382 475 438 ἑπροσκύνησε
510 386 583 426 τὸν
625 385 756 426 αὐτὸν
794 385 1035 429 σουλτάνον.
1106 387 1179 426 καί
1217 387 1309 426 ἐκεῖ
1348 383 1542 439 ἠρώτησε

45 450 177 496 5τοὺς
206 449 429 503 κληρικοὺς
468 445 531 492 ὅτι
558 453 603 492 τί
627 452 857 504 συνήθειαν
898 447 1020 503 εἶχαν
1047 449 1086 491 οἱ
1113 453 1303 503 βασιλεῖς
1330 452 1413 491 τῶν
1437 450 1543 492 Ῥω-

77 517 232 568 μαίων,
259 513 357 556 ὅταν
384 514 566 567 ἔκαμναν
611 514 890 570 πατριάρχην.
958 516 1031 557 καί
1057 519 1200 558 τοῦτοι
1227 519 1285 574 τῷ
1313 517 1543 569 ἀπεκρίθη-

79 597 175 632 σαν,
204 580 277 625 καὶ
303 577 425 622 εἶπαν
450 579 528 635 ὅτι,
556 579 655 623 ὅταν
685 579 810 636 ἤθελε
836 585 942 636 γένει
972 580 1253 636 πατριάρχης,
1269 585 1344 623 τοῦ
1369 579 1544 635 ἐχάριζε

80 645 285 688 καπᾰσιον
313 647 509 698 §afdumbn
538 650 592 701 μὲ
621 650 690 689 τὸν
722 651 956 702 καμουχᾶν,
985 651 1057 690 καί
1083 651 1227 702 μανδῆ
1255 649 1310 701 μὲ
1335 647 1435 696 τούς
1460 662 1538 687 πο-

80 710 264 765 ταμούς,
296 717 369 754 καί
394 709 541 766 ἄλογον
569 710 742 767 ἇσπρον,
771 715 845 756 καί
862 717 1158 767 ἐκαβαλίκευεν
1181 713 1304 765 av’to',
1332 714 1407 755 καί
1431 713 1545 767 ὑπή».

27 787 71 821 10
82 793 172 832 γενε
199 779 391 832 γύρωθεν
417 782 492 833 τῆς
520 781 694 832 πόλεως,
722 780 795 821 καί
818 781 979 833 εόλόγει
1005 779 1147 834 αὐτήν,
1176 783 1249 822 καί
1274 778 1389 821 ἔδιδὲ
1413 794 1487 821 του
1519 778 1545 820 ὅ

81 843 285 898 βασιλεύς
323 848 379 897 μὲ
412 845 457 886 τὸ
503 849 600 900 χέρι
628 861 703 887 του
743 847 791 888 τὸ
836 846 1029 888 δικανύει.
1097 849 1170 888 καί
1203 845 1299 901 ἔτζη
1329 844 1480 898 ἔλαβεν
1519 845 1544 886 ὅ

82 907 309 959 σουλτάνος
333 915 388 964 μὲ
415 911 460 952 τὸ
496 914 593 966 χέρι
626 927 701 954 του
729 912 775 954 τὸ
810 914 1014 964 δικανίκι,
1044 914 1117 953 καί
1145 912 1192 952 τὸ
1222 910 1376 953 ἔδωκεν
1405 913 1465 961 εἰς
1492 909 1540 952 τό

80 978 179 1029 χέρι
216 978 296 1018 τοῦ
327 977 610 1031 πατριάρχου.
675 980 748 1020 καί
787 975 943 1031 ὥρισε,
983 981 1057 1020 καί
1098 977 1240 1032 ἔγιναν
1286 976 1365 1018 ὅλα
1404 976 1543 1020 ἐκεῖνα

84 1039 189 1082 ὃποῦ
217 1041 394 1096 εἴπαμε,
432 1043 484 1085 τὰ
513 1043 637 1085 ὁποῖα
667 1041 789 1096 εἶχαν
816 1043 855 1085 οἱ
892 1045 1155 1098 πατριάρχαι
1184 1040 1432 1096 ειῖεργεσιάν
1459 1042 1542 1084 ἀπὸ

30 1107 185 1156 15τοὺς
211 1111 414 1160 βασιλεῖς.
488 1109 676 1164 ἠγάπησε
714 1111 762 1150 δὲ
790 1109 923 1151 πολλοὶ
953 1109 1027 1152 τὸν
1064 1108 1334 1163 πατριάρχην
1364 1107 1385 1149 ὅ
1419 1113 1548 1151 σουλ-

82 1172 219 1225 ἰα’νος,
251 1172 422 1223 ἔσοντας
447 1176 499 1216 vti
527 1174 646 1231 μάθῃ
674 1172 736 1216 ὅτι
769 1172 869 1230 ἦτον
897 1176 1143 1231 σοφώτατος
1162 1176 1236 1216 καί
1259 1175 1445 1228 εὐλαβὴς
1475 1172 1548 1217 ἆν-

85 1239 203 1292 δρας.
272 1238 402 1282 ἔδωκε’
443 1257 518 1282 του
564 1244 610 1283 δὲ
658 1242 845 1283 καί-τὸν
890 1245 1131 1297 περίφημον
1174 1240 1275 1283 ναὸν
1302 1243 1384 1282 τῶν
1416 1242 1547 1295 ἁγίων

85 1302 348 1355 ἀποστόλων,
378 1305 452 1347 καί
478 1306 606 1359 ἔκαμε
639 1313 958 1361 πατριαρχεῖον.
1027 1307 1100 1348 καί
1129 1305 1225 1359 ἐκεῖ,
1260 1303 1365 1347 ὅπου
1392 1308 1548 1348 ἐκαθέ-

88 1372 206 1420 ζετον
236 1369 257 1412 ὅ
285 1371 560 1427 πατριάρχης,
586 1376 668 1425 μιᾶ
694 1374 820 1414 νύκτα
848 1371 1007 1428 εὗρὲθη
1037 1371 1132 1420 ἕνας
1172 1368 1395 1425 ἅνθρωπος
1432 1389 1550 1428 σφα-

29 1439 248 1491 2Ογμένος.
280 1437 354 1479 καί
380 1438 575 1493 ἐφοβήθη
601 1442 736 1493 μέγαν
767 1437 923 1494 φόβον,
958 1441 1026 1480 ἵνα
1050 1437 1108 1492 μὴ
1139 1438 1328 1493 σφάξουν
1356 1437 1491 1480 αὐτὸν
1520 1436 1550 1492 ἢ

88 1499 171 1543 α’πὸ
198 1502 273 1557 τὴν
285 1505 485 1544 συνοδίαν
505 1502 641 1545 αὐτοῦ
670 1503 765 1559 ἐκεῖ,
794 1503 901 1545 διότι
928 1500 1023 1552 ὅλος
1050 1503 1071 1544 ὃ
1099 1504 1226 1552 τόπος
1246 1504 1442 1558 γιὶρωθεν
1470 1505 1549 1545 τοῦ

88 1572 394 1624 πατριαρχείου
426 1564 523 1624 ἦτον
552 1568 719 1623 ἕρημος,
754 1568 941 1623 ἔσοντας,
971 1568 1079 1611 ὅποῦ
1107 1566 1324 1624 ἅνθρωποι
1354 1571 1426 1611 δὲν
1453 1570 1550 1610 ἐκα-

90 1772 151 1795 rex
175 1762 295 1796 extitit
321 1762 557 1802 nechemeta,
586 1769 626 1797 ut
648 1763 819 1796 diximus.
845 1775 926 1797 enm
953 1765 1085 1805 statim,
1111 1769 1152 1797 ut
1176 1763 1402 1809 patriarchae
1429 1763 1548 1808 digni-

88 1813 199 1842 tatem
225 1814 422 1854 acceperat,
446 1810 637 1855 pontifices
658 1817 694 1844 et
714 1811 835 1843 clerici
859 1812 1106 1856 primoresque
1134 1810 1262 1856 populi
1291 1810 1338 1843 ad
1364 1810 1548 1844 sultanum

90 1854 329 1897 deduxerunt,
358 1867 464 1901 quem
491 1857 598 1889 etiam
622 1858 686 1890 ille
712 1857 886 1891 adoravit.
934 1864 1010 1892 tum
1035 1858 1181 1891 clericos
1209 1858 1441 1901 interrogavit
1468 1858 1546 1890 sul·

90 1907 207 1943 tanus,
230 1913 378 1948 ecquam
402 1903 701 1937 consuetudinem
718 1904 930 1937 habuissent
954 1905 1103 1938 Romani
1124 1906 1356 1949 imperatores
1381 1906 1419 1937 in
1445 1915 1547 1937 crea-

90 1948 189 1982 tione
211 1949 362 1982 alicuius
385 1949 603 1994 patriachae.
630 1950 891 1995 responderunt
907 1950 975 1991 illi,
1002 1952 1145 1997 quoties
1171 1951 1303 1995 aliquis
1327 1951 1467 1983 futurus
1486 1962 1545 1984 es-

90 2000 146 2028 set.
163 1995 376 2040 patriarcha,
400 1996 551 2029 donasse
567 1997 817 2042 imperatorem
831 1998 864 2031 ei
878 1999 1073 2042 pretiosum
1088 1999 1223 2043 pileum
1243 2009 1322 2029 cum
1340 1998 1544 2031 velamento

88 2041 155 2074 snb
180 2042 290 2087 pileo,
314 2043 467 2087 pallium
493 2044 579 2076 item
605 2043 831 2085 undulatum,
866 2055 933 2077 nec
956 2057 1030 2078 non
1057 2045 1179 2077 album
1204 2055 1361 2088 equum;
1388 2045 1443 2076 cui
1476 2055 1545 2089 pa-

91 2088 245 2121 triarcha
272 2089 443 2129 insidens,
472 2091 682 2123 circumiens
707 2090 844 2131 urbem,
868 2090 952 2124 huic
979 2092 1096 2124 fausta
1120 2097 1285 2135 precatus
1312 2091 1369 2123 sit.
1419 2090 1543 2123 datum

90 2140 277 2179 praeterea
305 2147 381 2169 esse
406 2147 513 2169 manu
554 2138 780 2181 imperatoris
814 2138 849 2170 ei
874 2137 1031 2182 pedum,
1056 2138 1195 2182 insigne
1222 2148 1328 2170 curae
1352 2138 1542 2181 pastoralis

90 2182 128 2214 in
153 2192 292 2226 gregem
317 2183 429 2228 pium.
479 2184 529 2216 ita
555 2185 716 2217 sultanus
745 2184 800 2216 his
830 2184 963 2217 auditis
990 2184 1123 2230 pedum
1155 2195 1259 2216 manu
1289 2194 1350 2216 sua
1379 2185 1540 2228 accepit,

90 2228 201 2274 idque
238 2230 277 2261 in
316 2240 457 2263 manum
493 2230 716 2275 patriarchae
759 2230 880 2273 dedit;
922 2231 1168 2276 mandatoque
1208 2230 1366 2263 eiusdem
1405 2230 1540 2263 sultani

89 2276 209 2307 omnia
230 2275 291 2308 illa
316 2275 423 2309 modo
462 2277 578 2318 dicta,
604 2289 696 2323 quae
732 2277 955 2323 patriarchae
981 2277 1126 2311 honoris
1164 2277 1405 2321 beneficiique
1432 2288 1539 2310 causa

90 2321 135 2354 ab
161 2322 433 2366 imperatoribus
459 2324 621 2368 accipere
646 2324 745 2357 soliti
771 2325 924 2364 fuerant,
951 2326 1019 2358 rite
1047 2324 1294 2356 administrata
1319 2328 1413 2355 sunt.
1463 2325 1540 2357 cle-

88 2369 224 2401 mentia
256 2379 362 2413 porro
394 2375 430 2402 et
465 2369 717 2404 benevolentia
754 2382 879 2415 magua
919 2371 1012 2404 idem
1050 2371 1145 2403 hune
1186 2369 1420 2415 patriarcham
1453 2382 1539 2415 pro·

89 2419 231 2448 secutus
258 2420 335 2455 est,
372 2415 469 2460 quod
506 2417 730 2460 cognovisset
766 2419 942 2462 sapientia
980 2419 1187 2461 pietateque
1222 2417 1393 2460 singulari
1431 2428 1537 2462 prae-

89 2461 203 2493 ditum
232 2472 319 2494 esse.
370 2463 545 2495 concessit
578 2474 723 2509 quoque
759 2464 874 2497 eidem
910 2464 1180 2496 celeberrimum
1215 2468 1414 2496 sanctorum
1446 2476 1537 2509 apo-

56 2502 64 2509 *
88 2508 260 2540 stolorum
295 2509 491 2553 templum;
528 2511 564 2542 in
601 2521 672 2555 quo
717 2510 774 2544 hic
819 2511 1087 2555 patriarchicam
1126 2509 1245 2542 sedem
1290 2510 1435 2542 locavit.
1497 2511 1535 2543 in

89 2565 133 2587 eo
158 2554 237 2587 loco
261 2554 365 2593 dein,
404 2555 465 2587 ubi
504 2556 701 2600 patriarcha
726 2557 928 2597 residebat,
965 2562 1070 2589 nocte
1097 2556 1250 2601 quadam
1277 2557 1444 2589 inventus
1481 2562 1536 2589 est

90 2600 210 2633 homo·
236 2601 409 2646 quispiam
445 2603 594 2635 occisus.
660 2604 756 2636 unde
789 2605 914 2647 ingens
960 2608 1072 2635 metus
1108 2604 1263 2635 animum
1313 2603 1533 2647 patriarchae

90 2647 246 2686 incessit,
271 2658 317 2680 ne
341 2649 396 2680 vel
422 2648 490 2681 sibi
516 2650 574 2683 vel
600 2650 708 2683 alicui
727 2661 869 2684 suorum
899 2650 1127 2683 familiarium
1153 2649 1248 2682 idern
1276 2649 1326 2681 ibi
1344 2649 1533 2690 accideret,

169 2709 253 2742 mse.
279 2715 369 2754 palr-
401 2710 465 2742 (ΣΡ.
1257 2711 1279 2744 6
