1754 3016
561 102 985 145 PATRIARCHICA.
1343 111 1346 114 ’
1429 96 1520 144 129

65 204 149 244 τῶν
179 199 400 255 ἀρχόντων
427 203 501 242 καί
526 200 676 250 παντὸς
705 203 782 243 τοῦ
803 204 924 254 λαοῦ,
953 201 1172 256 ἐψήφισαν
1200 196 1329 242 αὖτόν
1344 201 1419 243 τόν
1447 198 1523 242 κύ-

63 284 132 322 ριν
158 257 381 322 Νήφωνα,
423 269 496 308 καί
534 267 783 309 ἀπέστειλαν
817 263 976 323 ἄνδρας
1013 270 1178 320 τιμίους
1208 266 1279 309 κἀἰ
1305 267 1525 322 κληρικοὺς

62 334 181 385 μέσοι
216 333 274 380 εἰς
301 331 346 374 τὸ
379 328 497 386 ἅγιον
526 329 625 387 ὅρος
644 368 656 387 ,
702 335 773 375 καί
801 331 1006 387 ἐζήτησαν
1038 331 1167 374 αὐτὸν
1195 331 1267 373 διὰ
1297 333 1524 387 ἄρχιερέαν

64 397 221 448 αὐτῶν,
252 393 316 438 ὅτι
347 398 372 452 ἡ
403 398 526 453 φήμη
556 400 692 439 αὐτοῦ
722 394 821 452 ἦτον
858 401 1076 453 πανταχοῦ
1104 400 1353 453 βεβοημένη.
1410 394 1525 450 ὅμως

29 462 86 504 56
114 461 240 511 αὐτὸς
280 461 400 518 κύρις
432 465 593 519 Νήφων
635 466 705 505 δὲν
743 464 924 519 ἠθέλησε
957 464 1006 506 voi
1053 462 1098 506 τὸ
1146 464 1336 520 οἰκούσῃ,
1381 460 1440 505 ὅτι
1470 461 1522 505 va

61 523 163 584 εὕγῃ
193 526 274 568 ἀπὸ
308 528 355 569 τὸ
384 528 644 583 μοναστήρη,
671 528 722 571 νοὶ
751 531 860 583 γε’νει
887 525 1126 584 ἀρχιερεύς.
1194 528 1232 571 οἱ
1273 531 1319 570 δὲ
1342 530 1526 582 ἁγιώτας

63 608 124 634 τοι
153 593 309 647 πάτρες
335 597 412 635 τοῦ
429 596 715 650 μοναστηρίου
745 596 910 650 ὖπῆγαν
925 594 1030 649 πρὸς
1046 595 1186 648 αὕτόν,
1214 595 1375 637 καὶτὸν
1404 593 1527 648 ἐδεή-

64 661 201 714 θησαν
243 661 316 700 καί
340 659 682 714 ἑπαρεκάλεσαν,
720 662 902 715 λέγοντες
943 659 1009 702 ὅτι
1053 663 1174 703 τοῦτο
1203 661 1296 703 ἔναι
1340 658 1527 716 ὠφέλεια

66 726 195 765 λαοῦ·
246 726 343 774 ,καί
379 724 523 779 ἐπειδὴ
550 727 676 780 χρεία
719 725 810 768 ἔναι
840 728 959 778 ἀξίου
987 731 1193 782 ποιμένος,
1221 728 1281 782 μὴ
1312 727 1530 782 παρηκού-

9 804 53 839 10
65 806 142 848 σῃς
165 790 314 844 ἡμῶν,
341 789 448 832 ἀλλὰ
477 788 615 846 ὕπαγε
650 791 757 846 μετὰ
788 795 869 835 τῶν
896 791 1111 847 ἡμετέρων
1144 794 1298 847 εὐχῶν,
1328 793 1400 834 καί
1425 793 1529 846 λάβε

63 856 136 897 τόν
162 856 340 911 θρόνον,
381 855 433 898 νὰ
451 859 672 915 ποιμαίνῃς
699 859 768 900 τόν
792 859 1090 913 χριστώνυμον
1118 860 1218 901 λαὸν
1258 861 1335 901 τοῦ
1366 861 1528 913 κυρίου.

66 919 90 961 ὅ
120 923 167 962 δὲ
194 920 425 975 ἆγιοότατος
456 923 610 977 αὐτός,
661 921 682 963 ὅ
729 924 850 979 κύρις
880 923 1070 981 Νήφων,
1098 923 1156 980 μὴ
1185 923 1296 979 ἔχων
1324 927 1448 967 πλέον
1477 925 1526 966 νὰ

66 988 181 1029 εἶπεΐ
205 990 357 1029 κανένα
386 990 538 1044 tinore,
571 988 642 1031 διὰ
672 988 722 1032 vo}
751 992 885 1044 μηδὲν
906 994 1022 1048 φανῇ
1050 990 1259 1046 παρήκοος
1287 993 1368 1033 τῶν
1400 991 1531 1033 ὁσιω-

66 1053 205 1094 τάτων
231 1050 414 1109 πάτρων,
445 1054 727 1109 ἐπροσκύνησε
757 1057 814 1112 τῷ
840 1058 942 1112 θείῳ
980 1057 1243 1114 μοναστηρίῳ
1271 1060 1344 1098 καί
1375 1052 1532 1105 αὖτοὺς

12 1116 165 1166 15τοὺς
208 1120 405 1173 γέροντας
448 1122 522 1161 καί
555 1118 714 1169 πάντας
760 1119 861 1168 τούς
889 1122 1124 1177 ἀδελφούς,
1162 1125 1236 1164 καί
1260 1122 1392 1176 ὑπῆγε
1421 1119 1530 1175 μετὰ

65 1185 150 1224 ταῖν
183 1184 521 1228 Θεσσαλονικέων
548 1187 594 1228 ἐν
624 1188 674 1243 τῇ
700 1187 860 1244 μεγάλῃ
899 1189 1106 1245 ἐκκλησίᾳ,
1133 1190 1207 1229 καί
1235 1188 1530 1244 ἐχειροτονήθῃ

66 1250 369 1304 μητροπολίτης
399 1251 717 1306 Θεσσαλονίκης.
763 1249 964 1306 ·ὗ’στερον
1001 1255 1047 1295 δὲ
1076 1255 1192 1309 ἑγίνη
1218 1257 1291 1295 καί
1319 1255 1532 1308 πατριάρ-

65 1331 145 1369 χης
174 1316 671 1366 Κωνσταντινουπόλεως.
740 1318 1063 1373 τοιουτοτρόπως
1108 1319 1294 1374 οἷνεβάζη
1338 1320 1362 1372 ἦ
1404 1320 1527 1374 α’ρετὴ

68 1381 249 1429 ἐκείνους
279 1379 397 1421 ὅποῦ-
411 1380 488 1435 την
518 1383 720 1435 α’γαποῦν.

11 1461 57 1496 20
170 1441 312 1498 ’Όμως
342 1447 555 1488 α’πέθανεν
582 1449 604 1488 ὁ
653 1448 796 1504 πρώην
825 1448 1091 1504 πατριάρχης
1109 1482 1120 1503 ,
1151 1449 1272 1505 κύρις
1301 1450 1479 1503 Συμεών
1509 1451 1530 1492 ὅ

16 1527 21 1531 ·
75 1509 392 1566 Τραπεζόντιος,
422 1515 495 1554 καί
521 1514 656 1569 ἀφῆκε
684 1517 778 1568 βίον
800 1509 987 1570 ἄπειρον,
1018 1518 1091 1557 καί
1121 1519 1190 1558 δὲν
1219 1515 1347 1569 ἔκαμε
1377 1520 1532 1568 ζῶντος

72 1575 206 1617 αὐτοῦ’
233 1580 390 1630 καμίαν
430 1579 667 1633 οἰκονομίαν
709 1580 778 1622 διὰ
822 1579 896 1622 τὸν
933 1581 1028 1635 βίον
1058 1578 1207 1635 αὐτοῦ,
1240 1579 1307 1623 ὅτι
1336 1581 1389 1624 mk
1420 1585 1528 1637 γένει

71 1755 218 1800 ingressi
247 1762 342 1797 sunt,
379 1757 441 1790 ubi
480 1759 616 1801 synodo
649 1759 767 1800 facta,
801 1761 1053 1805 praesentibus
1095 1762 1233 1795 clericis
1260 1768 1311 1806 ⁴et
1348 1764 1427 1796 aliis
1467 1775 1526 1797 sa-

70 1813 206 1836 crorum
234 1803 403 1836 ordinum
427 1805 512 1838 viris
538 1807 826 1852 primoribusque
853 1808 1006 1841 civitatis
1033 1813 1068 1841 et
1096 1815 1224 1842 cuncto
1250 1810 1399 1854 populo,
1427 1811 1527 1855 lege-

70 1855 154 1883 runt
177 1851 293 1894 ipsum
318 1851 521 1895 Niphonem
547 1859 729 1896 nostrum3
758 1856 942 1899 missisque
967 1855 1229 1889 honestissimis
1254 1856 1459 1890 hominibus
1484 1868 1527 1891 ac

70 1896 208 1929 clericis
233 1897 272 1929 in
296 1903 452 1930 montem
494 1905 654 1932 sanctum
697 1901 813 1945 ipsum
852 1903 973 1934 venire
1001 1902 1046 1934 ad
1071 1908 1198 1943 se‚,ut
1222 1905 1386 1947 pontifex
1411 1905 1528 1946 fieret,

70 1943 214 1983 iussere,
244 1944 343 1988 quod
371 1945 551 1988 praeclara
577 1946 621 1979 de
652 1947 729 1991 ipso
760 1948 851 1980 fama
878 1959 995 1993 sparsa
1022 1955 1099 1982 erat
1124 1950 1227 1992 longe
1254 1951 1411 1996 lateque.
1454 1963 1527 1984 no-

73 1989 175 2022 lebat
200 2000 260 2022 eos
286 1990 410 2023 audire
436 1991 580 2035 Nipho:
620 1994 807 2027 recusabat
840 1996 934 2028 exire
971 1995 1014 2027 de
1042 1997 1259 2029 monasterio
1299 2003 1334 2029 et
1359 1998 1526 2041 pontifex

73 2036 164 2068 fleri.
214 2037 428 2070 sanctissimi
454 2049 536 2071 vero
561 2045 680 2083 patres
705 2043 911 2074 monasterii
941 2048 1165 2075 accesserunt
1195 2042 1239 2074 ad
1265 2044 1393 2087 ipsum,
1423 2056 1526 2088 roga-

72 2088 177 2122 runt,
213 2076 388 2116 coffortati
414 2091 520 2118 sunt:
558 2085 626 2118 hoc
657 2098 700 2118 ex
738 2099 773 2119 re
810 2089 935 2133 populi
979 2089 1068 2121 sore.
1136 2089 1327 2121 “omuino‘’
1353 2090 1525 2135 inquiunt

70 2135 184 2173 “opus
209 2135 262 2163 est
289 2131 459 2165 ecelesiae
489 2132 596 2175 digno
622 2138 776 2177 pastore.
841 2133 923 2168 ideo
952 2147 996 2168 ne
1029 2135 1188 2168 detrecta
1213 2141 1368 2168 nostram
1397 2137 1526 2170 cohor-

71 2176 264 2216 tationem,
290 2176 352 2209 sed
389 2178 399 2209 i
442 2179 594 2222 pedibus
624 2181 768 2220 faustis,
803 2182 935 2215 nostris
977 2183 1166 2215 comitatus
1206 2183 1385 2226 precibus.
1436 2194 1523 2228 cape

71 2221 250 2267 pascendo
278 2222 408 2256 Christi
436 2224 480 2257 de
504 2227 649 2259 nomine
677 2226 773 2260 dicto
800 2230 896 2272 gregi
924 2228 1122 2262 thronum.’'
1171 2234 1255 2261 tunc
1283 2230 1523 2263 sanctissimus

71 2270 125 2301 vir
146 2270 308 2302 oratione
333 2270 489 2313 ipsorum
520 2273 633 2305 victus
661 2273 768 2318 (nihil
806 2277 962 2320 quippe,
988 2275 1086 2320 quod
1111 2275 1380 2316 contradiceret,
1409 2276 1523 2310 habe-

71 2315 159 2359 bat),
185 2327 231 2348 ne
260 2322 450 2352 contumax
486 2318 650 2352 adversus
693 2321 978 2365 religiosissimos
1018 2328 1138 2366 patres
1175 2321 1366 2362 videretur,
1394 2334 1520 2367 supre-

25 2368 28 2372 '
71 2373 168 2395 mum
191 2361 313 2395 divino
338 2366 552 2398 monasterio
580 2366 660 2398 vale
685 2366 775 2401 dixit
802 2374 838 2402 et
863 2381 985 2402 senum
1013 2370 1132 2402 coetui
1160 2367 1324 2412 adeoque
1353 2369 1519 2403 omnibus

71 2408 251 2448 fratribus,
278 2420 318 2441 ac
332 2410 669 2446 Thessalonicenses
685 2421 826 2448 secutus
852 2422 905 2450 est
929 2416 973 2448 ad
996 2426 1158 2457 magnam
1177 2415 1375 2455 ecclesiam,
1402 2417 1518 2450 Thes-

72 2456 376 2501 salonicen-<sisque
404 2459 631 2502 metropolita
658 2462 881 2495 renuntiatus
906 2469 970 2495 est.
1023 2461 1107 2494 inde
1133 2466 1254 2493 secuto
1269 2467 1428 2507 tempore
1455 2475 1518 2508 pa-

71 2501 298 2534 triarchicum
329 2503 432 2547 Cpoli
463 2503 569 2538 decus
597 2508 756 2552 accepit,
784 2509 874 2542 sicut
902 2509 1063 2542 diximus.
1129 2509 1178 2540 ita
1205 2508 1313 2541 virtus
1344 2510 1518 2543 extollere

71 2549 124 2582 sui
149 2548 326 2582 studiosos
352 2550 456 2583 solet.

166 2605 215 2637 Eo
242 2611 400 2650 tempore
437 2607 590 2650 Symeon
615 2610 901 2655 Trapezuntius,
935 2612 996 2655 qni
1027 2623 1132 2656 supra
1162 2612 1360 2656 patriarcha
1387 2613 1515 2653 suerat,

73 2650 168 2684 diem
193 2663 294 2684 suum
321 2653 424 2694 obiit,
452 2655 583 2689 relictis
602 2659 748 2701 magnis,
777 2669 888 2703 prope
915 2658 1122 2700 innumeris,
1152 2658 1295 2703 opibus,
1321 2659 1422 2692 nullo
1452 2671 1516 2703 per

150 2724 235 2775 Hist.
262 2730 351 2769 patr.
383 2726 448 2759 GP.
555 2750 557 2753 -
1239 2731 1261 2763 9
