1754 3016
688 109 964 152 POLi'rch..
1472 102 1535 150 65

80 226 161 256 σαν
186 208 344 266 βουλὴν
371 208 410 252 οἱ
449 210 678 264 γενίτζαροι
709 211 787 250 τοῦ
822 211 1010 264 ζητῆσαι
1042 208 1116 250 τὸν
1145 209 1328 262 Σελίμην
1354 201 1538 260 ἄρχοντα

79 274 429 332 τοῦστρατεὺειν
463 277 507 317 ἕν
544 278 597 331 τῇ
637 275 822 331 α’νατολῇ
862 278 956 327 μετ’
984 275 1148 326 αὐταῖν,
1178 273 1538 329 προφασιζόμενοι

81 341 145 386 ὅτι
173 343 264 386 ἔστι
295 346 430 396 γέρων
458 340 480 382 ὅ
507 339 709 394 βασιλεύς
737 342 809 381 καί
834 338 882 381 οὗ
914 337 1094 381 δύναται
1123 337 1384 393 στρατεύειν,
1413 337 1542 378 αὐτοὶ

81 411 129 452 δὲ
169 413 366 462 πολεμεῖν
405 411 579 449 θέλουσι
624 406 696 447 καὶ
731 404 1054 457 στρατεύεσθαι.
1118 406 1367 455 καθεζέσθω
1408 398 1484 443 οὖν
1515 402 1538 442 ὅ

47 479 212 530 ὃγέρων
241 477 286 517 ἐν
312 475 364 530 τῇ
395 476 733 525 Κωνσταντίνου,
762 474 833 513 καὶ
863 469 901 512 οἱ
933 471 1020 512 νέοι
1050 473 1154 522 μετὰ
1189 473 1266 511 τοῦ
1294 471 1541 521 νέουὶπολε-

78 543 318 595 μετ’τωσαν·
374 536 475 583 ἄνευ
505 537 582 593 γὰρ
615 542 809 590 πολέμων
839 538 911 578 καί
939 537 1100 590 κερδῶν
1128 535 1180 576 οὔ
1208 534 1431 588 βούλονται
1461 538 1596 574 ›ea-37

78 608 296 658 θέζεσθαι.
354 606 559 661 ἀνέφερον
591 607 636 647 δὲ
663 606 825 657 ταῦτα,
855 599 918 644 ὅτι
947 599 1080 651 οὕτως
1109 603 1303 643 αἰτοῦσιν
1330 599 1367 642 οἱ
1398 601 1544 641 δοῦλοί

79 677 171 715 σου.
228 672 249 713 ὃ
282 673 328 714 δὲ
369 673 533 725 κρατῶν
570 673 736 725 βαρέως
760 669 886 726 ἔφερε
915 672 988 711 καί
1020 665 1237 723 ἠγανάκτει
1269 671 1357 708 κατ’
1388 667 1540 707 αὐτῶν.

43 771 52 781 ,
79 736 335 787 ἀκούσαντες
365 740 412 779 δὲ
441 736 480 779 οἱ
497 740 725 792 γενίτζαροι
760 734 826 777 ὅτι
854 738 907 777 ου’
932 736 1123 777 πείθεται
1150 734 1225 788 τὴν
1251 733 1428 783 ἀξίωσιν
1458 731 1542 772 αι’-

26 812 70 847 10
83 807 179 857 τῶν,
205 807 464 847 ἐστασίασαν
503 806 562 852 εἰς
591 806 636 845 ἓν
676 803 968 855 συνελθόντες,
999 801 1071 842 καί
1099 798 1399 855 ἠβουλήθησαν
1431 800 1542 840 α’πο-

81 875 237 912 κτεῖναι
265 869 364 918 τούς
390 869 724 924 βεζηραζέμιδας
756 869 828 909 καί
861 868 1108 921 διάρπαγμα
1136 869 1275 907 θεῖναι
1305 864 1381 919 την
1407 864 1540 905 πόλιν.

80 934 140 990 μὴ
172 934 282 989 ἔχων
308 937 354 976 δὲ
383 935 404 976 ό
434 937 644 989 αὐθέντης
675 931 754 975 ὅτι
781 936 854 975 καί
880 933 1110 987 ποιήσειεν,
1139 930 1306 986 ἔστερξε
1333 933 1405 972 καί
1430 926 1543 971 ἄκων

80 1000 156 1058 τὴν
185 1001 357 1056 ζήτησιν
386 1002 535 1042 αὐτῶν.
605 1003 808 1042 τοσοΐτον
849 1002 895 1043 δὲ
937 999 1149 1053 ἠγάπησεν
1174 996 1195 1039 ὃ
1224 997 1326 1045 λαὸς
1353 998 1435 1044 πᾶς
1462 996 1544 1037 αὕ-

79 1067 148 1110 τὸν
173 1067 245 1109 τὸν
271 1066 367 1109 υἱὸν
410 1069 543 1109 αὐτοῦ’
583 1066 640 1116 ὥς
669 1067 741 1107 καί
766 1067 915 1107 παιδία
946 1063 1124 1106 ἐλάλουν
1159 1061 1205 1104 τὸ
1249 1058 1379 1116 ὄνομα
1407 1062 1546 1103 αὐτοῦ

25 1139 68 1173 15
80 1132 154 1175 καὶ
180 1135 416 1175 παιδίσκαι.

198 1200 344 1240 Ταῦτα
374 1199 420 1239 δὲ
449 1195 750 1248 ἔνωτισὰμενος
783 1194 804 1237 ὅ
831 1195 1016 1239 σουλτὰν
1050 1193 1338 1247 Κουρκούτης,
1367 1192 1388 1234 ὃ
1416 1189 1541 1241 ἄλλος

79 1264 162 1305 τῶν
188 1262 293 1304 υἱῶν
320 1264 468 1315 αὑτοῦ,
511 1263 557 1303 ἐκ
587 1263 842 1316 Μαγνησίας
881 1256 986 1315 ἦλθε
1025 1260 1098 1302 καί
1126 1259 1283 1313 εὑρέθη
1314 1257 1467 1314 αἴφνης
1498 1257 1543 1300 ἐν

80 1334 168 1378 τοῖς
194 1329 390 1382 οἰκήμασι
409 1331 492 1370 ταῖν
521 1327 788 1382 γενιτζάρων,
817 1327 864 1368 ὃν
892 1326 943 1381 δὴ
967 1327 1040 1368 καί
1068 1324 1226 1372 ἰδόντες
1243 1322 1540 1378 ἐξεπλάγησαν.

81 1393 193 1447 ἔλεγε
221 1396 268 1436 δὲ
297 1394 399 1447 πρὸς
428 1395 584 1442 αὐτούς
627 1392 690 1435 ὅτι
721 1394 843 1446 ὑμεῖς
874 1393 1011 1435 οἴδατε
1041 1394 1130 1440 πῶς
1175 1389 1253 1444 ἐγώ
1284 1388 1369 1442 ἔχω
1401 1389 1445 1431 τὸ
1478 1391 1543 1431 δί-

22 1464 199 1502 ἓῡκαιον
226 1461 272 1501 ἐκ
301 1460 467 1502 πάντων
482 1463 566 1501 τῶν
598 1455 735 1501 ἄλλων
761 1475 844 1512 μου
877 1460 1087 1513 ἀδελφῶν,
1118 1454 1183 1498 ὅτι
1211 1457 1284 1498 καί
1312 1459 1540 1510 ὲκαθέστην

80 1527 125 1567 ἐν
153 1528 210 1582 τῷ
234 1527 376 1583 θρόνῳ
421 1529 498 1568 τοῦ
538 1527 710 1567 πάππου
739 1541 822 1578 μου
855 1522 922 1566 ὅτε
959 1525 1185 1574 α’πέθανεν,
1219 1522 1296 1571 ἕως
1325 1517 1373 1563 οὗ
1406 1517 1535 1576 ἦλθεν

82 1716 166 1752 runt
194 1717 398 1763 requirendi
424 1717 599 1760 Selimae3
626 1727 732 1762 quem
761 1716 828 1749 sibi
857 1717 1055 1761 principem
1082 1715 1317 1760 praeficerent
1343 1726 1383 1747 ac
1408 1714 1534 1748 ducem

82 1764 326 1810 expeditionis
369 1765 406 1797 in
435 1765 643 1805 Orientem,
680 1768 901 1797 senectutem
937 1768 1122 1796 causantes
1156 1763 1246 1806 regis
1281 1762 1536 1806 militandique

81 1812 349 1857 impotentiam:
377 1822 414 1844 se
443 1816 561 1844 autem
587 1810 765 1844 desiderio
799 1811 991 1843 militatum
1015 1810 1173 1842 abeundi
1207 1809 1442 1854 bellandique
1469 1809 1534 1840 fla-

80 1869 190 1902 grare.
239 1858 385 1891 “sedeat
410 1859 513 1902 ergo”
541 1859 712 1902 inquiunt
737 1857 930 1903 “pacificus
956 1868 1065 1889 senex
1095 1856 1220 1901 Cpoli:
1251 1857 1360 1888 fortes
1389 1857 1536 1889 iuvenes

81 1917 158 1938 cum
185 1905 270 1938 forti
308 1906 436 1937 iuvene
474 1905 510 1937 in
537 1904 803 1949 expeditionem
843 1904 1125 1948 proficiscantur.
1187 1903 1356 1935 nolumus
1388 1914 1454 1935 nos
1479 1914 1537 1935 se-

81 1951 202 1986 dendo
226 1951 284 1984 hic
302 1957 441 1996 tempus
467 1957 608 1984 terere:
634 1952 729 1984 bella
756 1953 971 1995 quaerimus,
999 1952 1135 1982 lucrum
1161 1950 1398 1994 appetimus.’'
1448 1948 1538 1982 haec

82 1999 127 2031 nd
153 2000 399 2043 imperatorem
427 1997 649 2031 referebant:
675 1997 791 2030 “hanc
814 2008 880 2030 nos
915 1998 1005 2030 servi
1031 1998 1083 2030 tui
1107 1998 1390 2041 postulationem
1417 1997 1537 2028 afferi-

82 2057 172 2085 mus,
203 2051 239 2077 et
261 2047 354 2077 serio
381 2044 610 2088 flagitamus?
661 2055 720 2076 rex
747 2055 825 2076 cum
854 2044 1023 2084 audisset,
1049 2044 1200 2087 graviter
1227 2044 1319 2075 ferre
1345 2054 1411 2075 nec
1438 2042 1536 2075 indi-

83 2094 288 2136 gnationem
313 2091 479 2124 adversus
506 2102 566 2124 eos
594 2091 830 2123 dissimulare.
861 2091 917 2123 illi
944 2096 1083 2130 contra,
1109 2102 1188 2122 cum
1217 2090 1317 2121 renui
1345 2099 1442 2121 suam
1468 2100 1536 2134 pe-

83 2139 248 2172 titionem
274 2150 384 2183 seque
412 2138 588 2183 repulsam
610 2139 700 2170 serre
720 2137 894 2178 viderent,
922 2143 1117 2170 convocato
1143 2137 1296 2169 concilio
1316 2136 1535 2169 seditionem

84 2186 304 2227 excitarunt3
332 2185 594 2229 volueruntque
620 2185 844 2217 consiliarios
870 2195 910 2215 ac
930 2195 1096 2228 proceres
1119 2184 1319 2216 interficere
1347 2188 1383 2215 et
1409 2183 1534 2215 urbem

82 2231 290 2276 praedando
315 2242 528 2275 percursare.
592 2243 652 2264 rex
686 2232 948 2276 importunitati
980 2231 1123 2263 illorum
1158 2241 1235 2262 cum
1262 2229 1434 2262 obsistere
1459 2241 1533 2262 non

82 2285 217 2322 posset,
243 2279 375 2310 invitus
411 2279 594 2310 voluntate
621 2289 742 2310 eorum
769 2278 959 2322 acquievit.
1022 2283 1120 2310 tanto
1152 2283 1269 2309 autem
1299 2287 1419 2309 amore
1442 2287 1533 2308 cun-

83 2331 159 2358 ctus
184 2325 340 2370 populus
364 2323 457 2356 hunc
483 2325 596 2356 filium
631 2326 706 2357 eius
740 2331 948 2369 prosecutus
974 2331 1050 2364 est,
1078 2330 1118 2356 ut
1145 2324 1180 2355 in
1202 2334 1395 2367 puerorum
1421 2323 1530 2356 etiam

83 2382 144 2404 ore
169 2378 206 2404 et
233 2372 440 2404 ancillarum
470 2382 600 2404 nomen
626 2373 701 2404 eius
729 2378 905 2404 versatum
935 2373 990 2403 sit.

176 2435 239 2467 His
265 2434 308 2467 ad
334 2446 435 2467 aures
478 2435 566 2467 alius
592 2436 655 2467 filii
683 2436 777 2475 eius,
803 2436 859 2467 cui
889 2435 1062 2468 Curcutae
1100 2444 1230 2466 nomen
1259 2438 1344 2471 erat,
1371 2433 1530 2477 perlatis,

83 2481 265 2524 Magnesia
295 2482 321 2513 is
347 2492 502 2525 egressus
530 2487 606 2521 est,
634 2493 673 2514 ac
707 2487 847 2526 praeter
875 2493 973 2526 spem
1009 2481 1188 2513 domicilia
1215 2481 1448 2511 iani-rarorum
1474 2482 1531 2512 in-

82 2529 212 2568 travit;
239 2528 300 2572 qui
329 2529 516 2572 repentino
544 2529 618 2560 eius
646 2535 788 2573 aspectu
817 2529 1090 2572 obstupuerunt.
1140 2527 1220 2558 infit
1245 2526 1304 2558 hic
1337 2527 1399 2559 eis.
1439 2531 1532 2558 “no-

83 2580 155 2607 tum
183 2580 237 2607 est
259 2573 362 2607 vobis
391 2574 479 2618 quid
517 2576 603 2607 iuris
629 2586 716 2618 ego,
751 2581 923 2620 quantum
950 2574 1215 2618 praerogativae
1252 2583 1336 2617 prae
1363 2573 1530 2605 omnibus

82 2621 170 2653 meis
196 2620 363 2654 fratribus
404 2621 565 2653 habeam.
625 2620 699 2654 sedi
729 2621 895 2666 equidem
937 2622 972 2652 iu
1011 2621 1101 2652 solio
1140 2621 1193 2652 avi
1217 2621 1310 2659 mei,
1342 2625 1529 2663 postquam

83 2674 242 2700 mortuus
267 2673 361 2707 erat,
399 2668 512 2701 donec
551 2674 784 2713 pater-meus
822 2669 860 2700 in
886 2667 1008 2700 urbem
1040 2667 1189 2702 veniret.
1239 2668 1405 2710 quocirca
1432 2677 1529 2710 spem

168 2739 254 2772 Ilist.
277 2738 345 2783 pol.
375 2739 440 2772 CF.
1244 2740 1261 2769 ᾖ
