1754 3016
0 0 6 86 l
510 55 514 58 ⁴
558 83 983 134 PATRIARCHICA.
1393 62 1498 134 149

0 182 4 231 Ι
39 185 98 234 ὥς
122 183 335 239 ἐλογίαζε,
367 185 439 226 δὲν
477 185 654 238 ἐπέτυχε
682 198 694 210 ·
751 184 822 226 καί
852 184 932 225 α’πὸ
965 182 1013 226 τὸ
1042 181 1190 238 πικρόν
1220 197 1294 225 του
1322 183 1490 224 α’πέθα-

38 267 117 306 νεν,
146 249 452 306 α’μετανόητος,
488 251 547 299 εἰς
577 250 651 292 τὸν
681 248 923 306 α’φορισμόν
941 267 952 278 ·
1024 249 1096 291 καί
1127 248 1282 303 ὑπῆγεν
1310 247 1335 302 ἡ
1367 245 1489 300 ψυχή

22 317 170 361 ,αὐτοῦ
197 315 304 358 ὅποῦ
331 318 404 358 τοῦ
435 317 670 370 Νεστοριόυ
697 319 774 357 τοῦ
801 314 1019 370 αἱρετικοῦ
1045 315 1218 357 καὶτῶν
1247 316 1490 356 ἐπιλοίπων.

36 383 112 425 κατ’
144 382 303 437 εὑρέθη
337 381 443 435 μετὰ
471 380 619 435 καιρὸν
661 380 708 424 τὸ
748 380 926 423 ἐλεεινὸν
967 382 1101 423 αὐτοῦ
1144 379 1282 435 κορμῆ
1313 380 1494 432 μαῦρον,

38 452 330 500 τυμπανιαῖον.
400 448 474 490 καί
517 442 617 501 ἦτον
661 448 793 504 φόβος
831 449 904 489 καί
934 444 1110 501 τρόμος,
1146 444 1198 488 ντὶ
1227 444 1274 487 τὸ
1307 446 1396 486 ι’δεῖ
1418 438 1495 486 ἄν.

14 516 225 568 ’,θρωποςκ

151 581 308 627 Τοῦτος
354 577 377 619 ὅ
404 578 630 626 σουλτάνος
672 579 800 631 ἐπῆρε
838 577 912 631 τήν
955 576 1149 631 Μεθώνη
1178 576 1261 617 α’πὸ
1295 578 1494 630 σπαθίου,

37 642 146 684 iinon?
173 642 249 697 τὴν
278 639 426 697 ὅριζαν
448 642 486 685 οἱ
516 646 743 694 Βενέτικοι,
770 643 843 684 καί
875 639 998 692 ὅλους
1027 641 1127 691 τούς
1157 636 1325 697 ἄνδρας,
1351 645 1496 696 γέρον-

38 724 114 756 τας
143 707 215 750 καὶ
242 711 389 762 νέους,
430 709 508 758 ἕως
539 708 702 750 δώδεκα
730 711 906 762 χρονῶν.
964 708 1037 749 καί
1066 705 1199 762 ὅρισε,
1227 711 1300 749 καί
1326 705 1496 749 ἔκτισαν

40 775 117 816 δύο
150 773 333 830 πύργους
357 777 413 827 μὲ
435 774 509 824 τὰς
542 774 726 830 κεφαλάς
755 771 918 816 αὗτιὸν·
972 777 1045 815 καί
1065 777 1288 829 φαίνονται
1317 773 1396 822 ἕως
1423 775 1496 827 τῆς

20 838 234 892 τήμερον.
307 835 404 894 ἦτον
447 841 492 882 δὲ
530 838 620 882 τότε
649 840 707 888 εἰς
747 838 821 888 τὰς
848 843 967 894 χίλια
997 840 1249 881 πεντακόσια
1273 838 1356 880 α’πὸ
1385 841 1496 893 Χρι-

38 904 138 947 στοῦ
164 904 406 958 γεννήσεως.

172 969 262 1011 'Em'
290 972 335 1012 δὲ
365 973 439 1024 τῆς
465 973 771 1024 πατριαρχειάς
807 974 883 1012 τοῦ
921 966 1008 1012 ἄνω
1043 971 1332 1024 γεγραμμένου
1363 971 1498 1024 κυροῦ

19 1025 282 1087 ΔΠοιχοηιιιόυ
313 1035 523 1077 ἀπέθανεν
552 1035 572 1078 ὃ
605 1035 730 1085 αὐτὸς
761 1039 944 1078 σουλτᾶν
970 1037 1261 1090 Παγιαζίτης,
1289 1034 1496 1087 βασιλεύ-

18 1104 114 1146 ’σας
141 1098 292 1152 χρόνον
315 1104 622 1154 τριανταεννέα.
682 1104 754 1143 καί
781 1101 850 1142 ἑπί
875 1103 948 1155 τῆς
988 1102 1206 1153 βασιλείας
1231 1099 1383 1142 τούτου
1412 1097 1496 1154 ἔγι-

35 1179 112 1205 ναν
144 1164 404 1219 πατριάρχαι
431 1168 555 1208 αὐτοὶ
582 1164 687 1208 ὅποῦ
725 1165 823 1215 τούς
851 1165 1095 1221 ἐγράψαμεν
1123 1165 1269 1208 ὀπίσω.

147 1229 310 1286 Νὴφων
335 1229 357 1272 ὃ
390 1232 719 1287 Θεσσαλονίκης,
762 1265 765 1267 Α

150 1292 417 1346 Διονύσιοςὸ
447 1297 592 1352 πρώην
621 1297 915 1353 πατριάρχης,

150 1361 352 1412 Μάξιμος
382 1359 403 1402 ὅ
434 1363 628 1416 Σερρῶν,

151 1427 315 1482 Νήφων
347 1425 367 1468 ὅ
398 1427 542 1482 πρώην
572 1429 856 1484 πατριάρχης,

146 1492 337 1545 Ἰωακείμ
363 1492 384 1534 ὃ
413 1492 619 1548 Δράμας,

36 1680 119 1702 men
143 1670 196 1702 nil
224 1681 347 1703 eorum
376 1682 468 1717 quae
499 1675 705 1716 'speraverat
748 1672 924 1714 obtinuit,
957 1674 1021 1706 sed
1048 1674 1272 1718 aegritudine
1297 1674 1405 1706 animi
1430 1674 1487 1707 vi-

36 1721 114 1750 ctus
141 1722 302 1750 mortuus
330 1723 395 1759 est,
413 1719 513 1751 nulla
538 1720 757 1763 paenitentia
788 1726 878 1761 acta,
902 1722 939 1753 in
966 1722 1351 1762 exc01nmunicatione3
1376 1720 1487 1754 abiit·

36 1774 107 1807 qne
134 1764 251 1796 anima
276 1765 352 1797 eius
389 1775 460 1809 quo
487 1765 642 1798 Nestorii
671 1772 707 1799 et
742 1767 892 1799 aliorum
917 1768 1190 1800 haereticorum.
1240 1778 1281 1799 ac
1306 1773 1485 1811 repertum

36 1815 90 1842 est
114 1809 301 1855 aliquanto
327 1818 410 1856 post
428 1813 630 1844 miserabile
651 1823 777 1857 corpus
799 1814 874 1846 eius
903 1815 1054 1858 nigrum,
1079 1814 1123 1846 ad
1152 1813 1297 1847 modum
1325 1815 1484 1858 tympani

34 1860 203 1898 turgens,
242 1858 292 1890 ita
330 1864 368 1890 ut
397 1869 539 1898 omnes,
574 1860 636 1904 qui
668 1859 706 1891 id
744 1860 937 1901 videbant,
970 1865 1190 1901 terrerentur
1227 1867 1263 1894 et
1289 1861 1485 1893 contremi-

35 1907 187 1935 scerent.

150 1959 371 2003 Expugnavit
411 1961 575 1994 sultanus
601 1962 755 1995 Baiazita
780 1963 978 1996 Methonen
1010 1964 1042 1996 vi
1086 1970 1121 1996 et
1149 1965 1276 2004 armis,
1302 1975 1380 1996 cum
1407 1975 1484 1996 eam

34 2005 163 2038 Veneti
193 2006 230 2038 in
262 2012 439 2051 potestate
461 2007 689 2050 habuissent3
720 2020 933 2055 omnemque
959 2011 1190 2043 masculinum
1218 2022 1352 2050 sexum,
1378 2011 1483 2042 iuve-

31 2063 118 2085 num
148 2052 300 2084 virorum
327 2059 363 2085 et
390 2065 528 2095 senum,
555 2055 599 2086 ad
628 2067 739 2097 usque
767 2057 1014 2089 duodecimum
1041 2058 1166 2089 aetatis
1190 2068 1319 2089 annum
1347 2058 1481 2089 intere-

32 2100 108 2131 mit.
173 2099 269 2131 iussu
310 2100 469 2132 eiusdem
512 2102 603 2134 duae
631 2107 746 2135 turres
785 2104 835 2135 ibi
862 2110 1059 2136 exstructae
1093 2104 1259 2148 imposito
1286 2102 1482 2146 praesid103

32 2156 125 2190 quae
151 2146 345 2178 etiamnum
372 2146 483 2179 hodie
509 2155 714 2181 cernuntur.
765 2156 840 2183 erat
865 2151 894 2182 is
922 2162 1033 2183 annus
1062 2156 1147 2183 natu
1173 2150 1303 2183 Christi
1331 2149 1481 2182 millesi-

30 2201 109 2224 mus
137 2193 456 2236 quingentesimus.
1299 2230 1302 2232 ,

126 2248 199 2280 Sub
226 2249 464 2292 patriarchatu
493 2252 702 2296 praescripti
734 2252 909 2285 pachomii
937 2254 1048 2286 nostri
1079 2254 1171 2286 obiit
1193 2253 1353 2285 sultanus
1380 2253 1481 2285 Baia-

31 2294 114 2333 τίω,
142 2301 330 2339 postquam
359 2298 502 2340 triginta
526 2309 653 2330 novem
681 2310 793 2332 annos
827 2311 935 2344 regno
963 2301 1187 2345 praefuisset.
1238 2310 1280 2332 eo
1310 2305 1481 2342 regnante

33 2341 177 2374 suerunt
201 2341 421 2386 patriarchae
448 2343 483 2374 hi
509 2344 718 2390 subscripti:

195 2399 222 2430 1.
273 2399 392 2444 Nipho
423 2401 700 2436 Thessalonicae
726 2404 968 2448 metropolita.

173 2457 221 2489 11.
274 2458 462 2501 Dionysius
490 2460 552 2503 qui
579 2466 683 2494 antea
703 2462 903 2506 patriarcha
930 2462 1055 2494 fuerat.

156 2514 216 2546 lll.
268 2515 442 2548 Maximus
473 2516 665 2550 Serrarum.

159 2571 218 2604 lv.
267 2572 385 2618 Nipho
414 2574 551 2606 iterum.

172 2629 214 2661 V.
265 2615 461 2664 lonchimus
487 2632 647 2665 Dramae.
