<?xml version="1.0" encoding="UTF-8"?>
<!DOCTYPE html PUBLIC "-//W3C//DTD XHTML 1.0 Transitional//EN"
    "http://www.w3.org/TR/xhtml1/DTD/xhtml1-transitional.dtd">
<html xmlns="http://www.w3.org/1999/xhtml" xml:lang="en" lang="en">
 <head>
  <title>
</title>
<meta http-equiv="Content-Type" content="text/html;charset=utf-8" />
  <meta name='ocr-system' content='tesseract 3.04.00' />
  <meta name='ocr-capabilities' content='ocr_page ocr_carea ocr_par ocr_line ocrx_word'/>
</head>
<body>
  <div class='ocr_page' id='page_1' title='image "./corpusscriptorum22niebuoft_0207.png"; bbox 0 0 1754 3016; ppageno 0'>
   <div class='ocr_carea' id='block_1_1' title="bbox 577 94 1527 147">
    <p class='ocr_par' dir='ltr' id='par_1_1' title="bbox 577 94 1527 147">
     <span class='ocr_line' id='line_1_1' title="bbox 577 94 1527 147; baseline -0.002 -1"><span class='ocrx_word' id='word_1_1' title='bbox 577 94 1002 147; x_wconf 75' lang='lat' dir='ltr'>PATmARcch.</span> <span class='ocrx_word' id='word_1_2' title='bbox 1129 112 1135 115; x_wconf 49' lang='lat'>¹</span> <span class='ocrx_word' id='word_1_3' title='bbox 1433 94 1527 145; x_wconf 85' lang='lat'>197</span> 
     </span>
    </p>
   </div>
   <div class='ocr_carea' id='block_1_2' title="bbox 7 202 1603 1666">
    <p class='ocr_par' dir='ltr' id='par_1_2' title="bbox 7 202 1603 1666">
     <span class='ocr_line' id='line_1_2' title="bbox 62 202 1531 268; baseline -0.002 -19"><span class='ocrx_word' id='word_1_4' title='bbox 62 207 140 249; x_wconf 78' lang='grc' dir='ltr'><em>τοῦ</em></span> <span class='ocrx_word' id='word_1_5' title='bbox 166 207 271 248; x_wconf 76' lang='grc' dir='ltr'><em>θεοῦ</em></span> <span class='ocrx_word' id='word_1_6' title='bbox 298 202 445 261; x_wconf 81' lang='grc' dir='ltr'><em>χάριτι</em></span> <span class='ocrx_word' id='word_1_7' title='bbox 473 207 713 261; x_wconf 76' lang='grc' dir='ltr'><em>ἑξεσπάσθη</em></span> <span class='ocrx_word' id='word_1_8' title='bbox 742 207 816 268; x_wconf 59' lang='grc' dir='ltr'><em>καζ</em></span> <span class='ocrx_word' id='word_1_9' title='bbox 837 203 1065 261; x_wconf 76' lang='grc' dir='ltr'><em>ἑξεριζώθη</em></span> <span class='ocrx_word' id='word_1_10' title='bbox 1093 202 1140 247; x_wconf 87' lang='grc' dir='ltr'>τὸ</span> <span class='ocrx_word' id='word_1_11' title='bbox 1159 202 1429 258; x_wconf 78' lang='grc' dir='ltr'><em>Σιμωνιακόν</em></span> <span class='ocrx_word' id='word_1_12' title='bbox 1455 205 1531 256; x_wconf 79' lang='grc' dir='ltr'><strong><em>καί</em></strong></span> 
     </span>
     <span class='ocr_line' id='line_1_3' title="bbox 61 266 1530 326; baseline -0.001 -11"><span class='ocrx_word' id='word_1_13' title='bbox 61 271 106 316; x_wconf 85' lang='grc' dir='ltr'><em>τὸ</em></span> <span class='ocrx_word' id='word_1_14' title='bbox 136 274 378 326; x_wconf 77' lang='grc' dir='ltr'><em>ἐμβατίκιον</em></span> <span class='ocrx_word' id='word_1_15' title='bbox 415 272 461 314; x_wconf 87' lang='grc' dir='ltr'><strong>τὸ</strong></span> <span class='ocrx_word' id='word_1_16' title='bbox 500 273 642 314; x_wconf 77' lang='grc' dir='ltr'><em>ὁποῖον</em></span> <span class='ocrx_word' id='word_1_17' title='bbox 685 271 759 314; x_wconf 79' lang='grc' dir='ltr'><em>καί</em></span> <span class='ocrx_word' id='word_1_18' title='bbox 793 271 897 314; x_wconf 75' lang='grc' dir='ltr'><em>αὐτὸ</em></span> <span class='ocrx_word' id='word_1_19' title='bbox 939 270 1204 325; x_wconf 83' lang='grc' dir='ltr'><em>Σιμωνιακόν</em></span> <span class='ocrx_word' id='word_1_20' title='bbox 1247 266 1348 326; x_wconf 79' lang='grc' dir='ltr'><em>ἦτον</em></span> <span class='ocrx_word' id='word_1_21' title='bbox 1375 271 1530 326; x_wconf 68' lang='grc' dir='ltr'><em>ἀσεβέ-</em></span> 
     </span>
     <span class='ocr_line' id='line_1_4' title="bbox 63 333 1528 394; baseline -0.001 -12"><span class='ocrx_word' id='word_1_22' title='bbox 63 354 224 394; x_wconf 82' lang='grc' dir='ltr'><em>στατον,</em></span> <span class='ocrx_word' id='word_1_23' title='bbox 242 337 386 388; x_wconf 75' lang='grc' dir='ltr'><em>καθώς</em></span> <span class='ocrx_word' id='word_1_24' title='bbox 418 339 628 382; x_wconf 81' lang='grc' dir='ltr'><em>α’κούσατε</em></span> <span class='ocrx_word' id='word_1_25' title='bbox 650 333 834 394; x_wconf 68' lang='grc' dir='ltr'><em>ἄνωθεν,</em></span> <span class='ocrx_word' id='word_1_26' title='bbox 865 335 970 386; x_wconf 80' lang='grc' dir='ltr'><em>ὅποῦ</em></span> <span class='ocrx_word' id='word_1_27' title='bbox 988 336 1239 393; x_wconf 79' lang='grc' dir='ltr'><em>ἐγράψαμεν</em></span> <span class='ocrx_word' id='word_1_28' title='bbox 1267 340 1328 388; x_wconf 87' lang='grc' dir='ltr'><em>εἰς</em></span> <span class='ocrx_word' id='word_1_29' title='bbox 1358 339 1528 388; x_wconf 83' lang='grc' dir='ltr'><em>πλάτος.</em></span> 
     </span>
     <span class='ocr_line' id='line_1_5' title="bbox 166 402 1529 462; baseline 0.001 -15"><span class='ocrx_word' id='word_1_30' title='bbox 166 402 320 462; x_wconf 85' lang='grc' dir='ltr'><em>Ὅμως,</em></span> <span class='ocrx_word' id='word_1_31' title='bbox 350 404 493 455; x_wconf 74' lang='grc' dir='ltr'><em>καθώς</em></span> <span class='ocrx_word' id='word_1_32' title='bbox 520 407 732 449; x_wconf 77' lang='grc' dir='ltr'><strong><em>ἐτελείωσε</em></strong></span> <span class='ocrx_word' id='word_1_33' title='bbox 765 405 811 447; x_wconf 87' lang='grc' dir='ltr'><strong><em>τὸ</em></strong></span> <span class='ocrx_word' id='word_1_34' title='bbox 843 405 1050 460; x_wconf 83' lang='grc' dir='ltr'><em>σωτήριον</em></span> <span class='ocrx_word' id='word_1_35' title='bbox 1076 407 1198 447; x_wconf 79' lang='grc' dir='ltr'><em>τοῦτο</em></span> <span class='ocrx_word' id='word_1_36' title='bbox 1230 403 1352 459; x_wconf 82' lang='grc' dir='ltr'><em>ἔργον</em></span> <span class='ocrx_word' id='word_1_37' title='bbox 1380 403 1411 453; x_wconf 54' lang='grc' dir='ltr'>ὃ,</span> <span class='ocrx_word' id='word_1_38' title='bbox 1425 422 1529 462; x_wconf 88' lang='grc' dir='ltr'><em>χρι-</em></span> 
     </span>
     <span class='ocr_line' id='line_1_6' title="bbox 29 469 1528 528; baseline 0.001 -15"><span class='ocrx_word' id='word_1_39' title='bbox 29 472 322 526; x_wconf 86' lang='grc' dir='ltr'><em>5στομι’μητος</em></span> <span class='ocrx_word' id='word_1_40' title='bbox 351 470 643 528; x_wconf 78' lang='grc' dir='ltr'><em>πατριάρχης,</em></span> <span class='ocrx_word' id='word_1_41' title='bbox 675 470 822 514; x_wconf 82' lang='grc' dir='ltr'><em>ἔπεσεν</em></span> <span class='ocrx_word' id='word_1_42' title='bbox 850 469 871 512; x_wconf 79' lang='grc' dir='ltr'>ὅ</span> <span class='ocrx_word' id='word_1_43' title='bbox 903 470 1034 520; x_wconf 77' lang='grc' dir='ltr'><em>πόθος</em></span> <span class='ocrx_word' id='word_1_44' title='bbox 1063 472 1201 512; x_wconf 66' lang='grc' dir='ltr'><em>αὐτοῦ</em></span> <span class='ocrx_word' id='word_1_45' title='bbox 1228 471 1302 513; x_wconf 84' lang='grc' dir='ltr'><em>καί</em></span> <span class='ocrx_word' id='word_1_46' title='bbox 1327 471 1353 526; x_wconf 83' lang='grc' dir='ltr'><em>ἦ</em></span> <span class='ocrx_word' id='word_1_47' title='bbox 1385 472 1528 528; x_wconf 83' lang='grc' dir='ltr'><em>α’γάπη</em></span> 
     </span>
     <span class='ocr_line' id='line_1_7' title="bbox 19 537 1526 596; baseline 0.001 -17"><span class='ocrx_word' id='word_1_48' title='bbox 19 568 22 570; x_wconf 73' lang='lat'><strong><em>—</em></strong></span> <span class='ocrx_word' id='word_1_49' title='bbox 63 540 124 589; x_wconf 81' lang='grc' dir='ltr'><em>εἰς</em></span> <span class='ocrx_word' id='word_1_50' title='bbox 168 538 245 594; x_wconf 67' lang='grc' dir='ltr'><em>τὴν</em></span> <span class='ocrx_word' id='word_1_51' title='bbox 286 541 461 595; x_wconf 82' lang='grc' dir='ltr'><em>μελέτην</em></span> <span class='ocrx_word' id='word_1_52' title='bbox 494 541 569 593; x_wconf 78' lang='grc' dir='ltr'><em>τῆς</em></span> <span class='ocrx_word' id='word_1_53' title='bbox 600 541 721 588; x_wconf 76' lang='grc' dir='ltr'><em>θείας</em></span> <span class='ocrx_word' id='word_1_54' title='bbox 764 541 954 596; x_wconf 79' lang='grc' dir='ltr'><em>γραφῆς,</em></span> <span class='ocrx_word' id='word_1_55' title='bbox 1003 537 1076 579; x_wconf 83' lang='grc' dir='ltr'>καί</span> <span class='ocrx_word' id='word_1_56' title='bbox 1112 537 1244 580; x_wconf 79' lang='grc' dir='ltr'><em>νύκτα</em></span> <span class='ocrx_word' id='word_1_57' title='bbox 1286 540 1361 580; x_wconf 85' lang='grc' dir='ltr'><em>καί</em></span> <span class='ocrx_word' id='word_1_58' title='bbox 1386 538 1526 593; x_wconf 76' lang='grc' dir='ltr'><em>ἡμέρα</em></span> 
     </span>
     <span class='ocr_line' id='line_1_8' title="bbox 63 601 1526 661; baseline 0.001 -15"><span class='ocrx_word' id='word_1_59' title='bbox 63 605 298 658; x_wconf 80' lang='grc' dir='ltr'><strong><em>ἐσπούδαζε</em></strong></span> <span class='ocrx_word' id='word_1_60' title='bbox 347 607 421 647; x_wconf 85' lang='grc' dir='ltr'><strong><em>καί</em></strong></span> <span class='ocrx_word' id='word_1_61' title='bbox 465 606 695 656; x_wconf 74' lang='grc' dir='ltr'>σπουδάζει</span> <span class='ocrx_word' id='word_1_62' title='bbox 741 604 959 659; x_wconf 78' lang='grc' dir='ltr'><em>θεολογικὰ</em></span> <span class='ocrx_word' id='word_1_63' title='bbox 1002 605 1259 661; x_wconf 79' lang='grc' dir='ltr'><em>φιλοσοφικὰ</em></span> <span class='ocrx_word' id='word_1_64' title='bbox 1304 607 1377 647; x_wconf 78' lang='grc' dir='ltr'><strong><em>καί</em></strong></span> <span class='ocrx_word' id='word_1_65' title='bbox 1417 601 1526 647; x_wconf 74' lang='grc' dir='ltr'><em>ἄλλα</em></span> 
     </span>
     <span class='ocr_line' id='line_1_9' title="bbox 61 670 1528 727; baseline 0.001 -15"><span class='ocrx_word' id='word_1_66' title='bbox 61 670 194 713; x_wconf 81' lang='grc' dir='ltr'><em>πολλά</em></span> <span class='ocrx_word' id='word_1_67' title='bbox 229 671 470 727; x_wconf 75' lang='grc' dir='ltr'><em>μαθήματα</em></span> <span class='ocrx_word' id='word_1_68' title='bbox 516 671 589 714; x_wconf 86' lang='grc' dir='ltr'>καί</span> <span class='ocrx_word' id='word_1_69' title='bbox 629 671 960 727; x_wconf 84' lang='grc' dir='ltr'><em>ἐκκλησιαστικά.</em></span> <span class='ocrx_word' id='word_1_70' title='bbox 1030 672 1105 713; x_wconf 80' lang='grc' dir='ltr'>καί</span> <span class='ocrx_word' id='word_1_71' title='bbox 1132 671 1189 720; x_wconf 78' lang='grc' dir='ltr'>ὥς</span> <span class='ocrx_word' id='word_1_72' title='bbox 1238 670 1528 725; x_wconf 86' lang='grc' dir='ltr'><em>οἶκουμενικὸς</em></span> 
     </span>
     <span class='ocr_line' id='line_1_10' title="bbox 62 736 1526 794; baseline 0.002 -15"><span class='ocrx_word' id='word_1_73' title='bbox 62 737 326 793; x_wconf 78' lang='grc' dir='ltr'><em>πατριάρχης</em></span> <span class='ocrx_word' id='word_1_74' title='bbox 374 739 447 781; x_wconf 85' lang='grc' dir='ltr'>καί</span> <span class='ocrx_word' id='word_1_75' title='bbox 491 738 632 794; x_wconf 68' lang='grc' dir='ltr'><em>πατὴρ</em></span> <span class='ocrx_word' id='word_1_76' title='bbox 675 740 747 782; x_wconf 82' lang='grc' dir='ltr'><strong><em>καί</em></strong></span> <span class='ocrx_word' id='word_1_77' title='bbox 793 740 1046 787; x_wconf 81' lang='grc' dir='ltr'><em>διδάσκαλος</em></span> <span class='ocrx_word' id='word_1_78' title='bbox 1086 740 1157 780; x_wconf 82' lang='grc' dir='ltr'>ὀὲν</span> <span class='ocrx_word' id='word_1_79' title='bbox 1195 736 1379 782; x_wconf 81' lang='grc' dir='ltr'><em>ἔπαυσεν</em></span> <span class='ocrx_word' id='word_1_80' title='bbox 1425 741 1526 782; x_wconf 82' lang='grc' dir='ltr'><em>ου’δὲ</em></span> 
     </span>
     <span class='ocr_line' id='line_1_11' title="bbox 7 803 1526 862; baseline 0.002 -18"><span class='ocrx_word' id='word_1_81' title='bbox 7 809 50 845; x_wconf 80' lang='lat'>10</span> <span class='ocrx_word' id='word_1_82' title='bbox 62 805 189 847; x_wconf 73' lang='grc' dir='ltr'><em>παιῖει</em></span> <span class='ocrx_word' id='word_1_83' title='bbox 221 804 271 847; x_wconf 75' lang='grc' dir='ltr'>νά</span> <span class='ocrx_word' id='word_1_84' title='bbox 304 805 493 848; x_wconf 75' lang='grc' dir='ltr'><em>διδάσκει</em></span> <span class='ocrx_word' id='word_1_85' title='bbox 520 809 592 848; x_wconf 83' lang='grc' dir='ltr'>καί</span> <span class='ocrx_word' id='word_1_86' title='bbox 619 805 668 848; x_wconf 76' lang='grc' dir='ltr'>νά</span> <span class='ocrx_word' id='word_1_87' title='bbox 701 806 898 862; x_wconf 81' lang='grc' dir='ltr'><em>κηρύττει</em></span> <span class='ocrx_word' id='word_1_88' title='bbox 927 806 1001 848; x_wconf 85' lang='grc' dir='ltr'><em>τὸν</em></span> <span class='ocrx_word' id='word_1_89' title='bbox 1029 803 1152 860; x_wconf 87' lang='grc' dir='ltr'><em>λόγον</em></span> <span class='ocrx_word' id='word_1_90' title='bbox 1181 807 1258 847; x_wconf 84' lang='grc' dir='ltr'><em>τοῦ</em></span> <span class='ocrx_word' id='word_1_91' title='bbox 1287 804 1390 848; x_wconf 69' lang='grc' dir='ltr'><em>θεοῦ</em></span> <span class='ocrx_word' id='word_1_92' title='bbox 1419 805 1526 861; x_wconf 80' lang='grc' dir='ltr'><em>πρὸς</em></span> 
     </span>
     <span class='ocr_line' id='line_1_12' title="bbox 62 870 1525 929; baseline 0 -14"><span class='ocrx_word' id='word_1_93' title='bbox 62 870 218 923; x_wconf 80' lang='grc' dir='ltr'><em>πάντας</em></span> <span class='ocrx_word' id='word_1_94' title='bbox 244 872 344 922; x_wconf 76' lang='grc' dir='ltr'>τούς</span> <span class='ocrx_word' id='word_1_95' title='bbox 373 874 560 928; x_wconf 70' lang='grc' dir='ltr'><em>εὐσεβεῖς</em></span> <span class='ocrx_word' id='word_1_96' title='bbox 590 874 659 916; x_wconf 77' lang='grc' dir='ltr'>διὰ</span> <span class='ocrx_word' id='word_1_97' title='bbox 690 873 767 928; x_wconf 78' lang='grc' dir='ltr'><em>τὴν</em></span> <span class='ocrx_word' id='word_1_98' title='bbox 796 872 1009 929; x_wconf 72' lang='grc' dir='ltr'><em>σωτηρίαν</em></span> <span class='ocrx_word' id='word_1_99' title='bbox 1049 873 1213 927; x_wconf 77' lang='grc' dir='ltr'><em>αὕταῖν,</em></span> <span class='ocrx_word' id='word_1_100' title='bbox 1240 871 1383 923; x_wconf 73' lang='grc' dir='ltr'><em>καθώς</em></span> <span class='ocrx_word' id='word_1_101' title='bbox 1422 871 1525 915; x_wconf 80' lang='grc' dir='ltr'><em>ἔκα-</em></span> 
     </span>
     <span class='ocr_line' id='line_1_13' title="bbox 60 938 1525 996; baseline 0.001 -15"><span class='ocrx_word' id='word_1_102' title='bbox 60 956 170 993; x_wconf 89' lang='grc' dir='ltr'><em>μναν</em></span> <span class='ocrx_word' id='word_1_103' title='bbox 195 939 234 982; x_wconf 86' lang='grc' dir='ltr'>οἱ</span> <span class='ocrx_word' id='word_1_104' title='bbox 253 939 492 996; x_wconf 78' lang='grc' dir='ltr'><em>σοφώτατοι</em></span> <span class='ocrx_word' id='word_1_105' title='bbox 515 943 689 983; x_wconf 78' lang='grc' dir='ltr'><em>παλαιοί</em></span> <span class='ocrx_word' id='word_1_106' title='bbox 706 938 980 996; x_wconf 80' lang='grc' dir='ltr'><em>πατριάρχαι.</em></span> <span class='ocrx_word' id='word_1_107' title='bbox 1009 942 1081 982; x_wconf 82' lang='grc' dir='ltr'>καί</span> <span class='ocrx_word' id='word_1_108' title='bbox 1107 938 1403 992; x_wconf 77' lang='grc' dir='ltr'><em>σπουδάζοντα</em></span> <span class='ocrx_word' id='word_1_109' title='bbox 1429 942 1525 982; x_wconf 78' lang='grc' dir='ltr'><em>καθ’</em></span> 
     </span>
     <span class='ocr_line' id='line_1_14' title="bbox 61 1006 1524 1064; baseline -0.001 -15"><span class='ocrx_word' id='word_1_110' title='bbox 61 1007 245 1063; x_wconf 78' lang='grc' dir='ltr'><em>ἡμέραν,</em></span> <span class='ocrx_word' id='word_1_111' title='bbox 288 1006 354 1050; x_wconf 80' lang='grc' dir='ltr'><em>ἴδε</em></span> <span class='ocrx_word' id='word_1_112' title='bbox 392 1007 437 1050; x_wconf 88' lang='grc' dir='ltr'><em>τὸ</em></span> <span class='ocrx_word' id='word_1_113' title='bbox 488 1007 616 1064; x_wconf 80' lang='grc' dir='ltr'><em>ῥητὸν</em></span> <span class='ocrx_word' id='word_1_114' title='bbox 657 1010 731 1050; x_wconf 83' lang='grc' dir='ltr'>τοῦ</span> <span class='ocrx_word' id='word_1_115' title='bbox 768 1008 889 1050; x_wconf 77' lang='grc' dir='ltr'><em>θείου</em></span> <span class='ocrx_word' id='word_1_116' title='bbox 918 1009 1062 1060; x_wconf 76' lang='grc' dir='ltr'><em>Λαβίδ</em></span> <span class='ocrx_word' id='word_1_117' title='bbox 1105 1006 1151 1048; x_wconf 87' lang='grc' dir='ltr'><em>τὸ</em></span> <span class='ocrx_word' id='word_1_118' title='bbox 1195 1010 1314 1061; x_wconf 77' lang='grc' dir='ltr'><em>λέγον</em></span> <span class='ocrx_word' id='word_1_119' title='bbox 1343 1007 1524 1061; x_wconf 58' lang='grc' dir='ltr'><em>ἰΚύριε,</em></span> 
     </span>
     <span class='ocr_line' id='line_1_15' title="bbox 61 1071 1525 1130; baseline -0.001 -14"><span class='ocrx_word' id='word_1_120' title='bbox 61 1071 254 1130; x_wconf 73' lang='grc' dir='ltr'><em>ἠγάπησα</em></span> <span class='ocrx_word' id='word_1_121' title='bbox 282 1075 536 1129; x_wconf 62' lang='grc' dir='ltr'><em>εὐπρέπειαν</em></span> <span class='ocrx_word' id='word_1_122' title='bbox 581 1073 697 1117; x_wconf 86' lang='grc' dir='ltr'><em>οἴκου</em></span> <span class='ocrx_word' id='word_1_123' title='bbox 724 1091 802 1117; x_wconf 90' lang='grc' dir='ltr'>σου</span> <span class='ocrx_word' id='word_1_124' title='bbox 844 1077 918 1117; x_wconf 82' lang='grc' dir='ltr'><em>καί</em></span> <span class='ocrx_word' id='word_1_125' title='bbox 944 1073 1072 1116; x_wconf 86' lang='grc' dir='ltr'><em>τόπον</em></span> <span class='ocrx_word' id='word_1_126' title='bbox 1103 1072 1372 1129; x_wconf 74' lang='grc' dir='ltr'><em>σκηνώματος</em></span> <span class='ocrx_word' id='word_1_127' title='bbox 1401 1073 1525 1130; x_wconf 81' lang='grc' dir='ltr'><em>δόξης</em></span> 
     </span>
     <span class='ocr_line' id='line_1_16' title="bbox 27 1139 1524 1198; baseline 0 -15"><span class='ocrx_word' id='word_1_128' title='bbox 27 1143 176 1187; x_wconf 87' lang='grc' dir='ltr'><em>5σου.”</em></span> <span class='ocrx_word' id='word_1_129' title='bbox 244 1141 317 1184; x_wconf 82' lang='grc' dir='ltr'>καί</span> <span class='ocrx_word' id='word_1_130' title='bbox 360 1141 383 1183; x_wconf 79' lang='grc' dir='ltr'>ὁ</span> <span class='ocrx_word' id='word_1_131' title='bbox 421 1144 552 1196; x_wconf 86' lang='grc' dir='ltr'><em>μέγας</em></span> <span class='ocrx_word' id='word_1_132' title='bbox 599 1144 827 1191; x_wconf 83' lang='grc' dir='ltr'><em>Βασίλειος</em></span> <span class='ocrx_word' id='word_1_133' title='bbox 878 1144 953 1183; x_wconf 81' lang='grc' dir='ltr'><em>καί</em></span> <span class='ocrx_word' id='word_1_134' title='bbox 997 1139 1018 1182; x_wconf 83' lang='grc' dir='ltr'>ὅ</span> <span class='ocrx_word' id='word_1_135' title='bbox 1059 1144 1175 1190; x_wconf 78' lang='grc' dir='ltr'><em>θεῖος</em></span> <span class='ocrx_word' id='word_1_136' title='bbox 1222 1141 1524 1198; x_wconf 85' lang='grc' dir='ltr'><em>Χρυσόστομος</em></span> 
     </span>
     <span class='ocr_line' id='line_1_17' title="bbox 63 1205 1451 1264; baseline 0 -14"><span class='ocrx_word' id='word_1_137' title='bbox 63 1205 263 1264; x_wconf 54' lang='grc' dir='ltr'><em>(ιᾶγίασον</em></span> <span class='ocrx_word' id='word_1_138' title='bbox 291 1209 387 1260; x_wconf 77' lang='grc' dir='ltr'>τούς</span> <span class='ocrx_word' id='word_1_139' title='bbox 417 1211 667 1264; x_wconf 75' lang='grc' dir='ltr'><em>ἀγαπῶντας</em></span> <span class='ocrx_word' id='word_1_140' title='bbox 693 1209 768 1264; x_wconf 78' lang='grc' dir='ltr'><em>τήν</em></span> <span class='ocrx_word' id='word_1_141' title='bbox 799 1209 1052 1264; x_wconf 73' lang='grc' dir='ltr'><em>εὐπρέπειαν</em></span> <span class='ocrx_word' id='word_1_142' title='bbox 1081 1211 1158 1250; x_wconf 82' lang='grc' dir='ltr'><em>τοῦ</em></span> <span class='ocrx_word' id='word_1_143' title='bbox 1187 1206 1302 1251; x_wconf 81' lang='grc' dir='ltr'><em>οἴκου</em></span> <span class='ocrx_word' id='word_1_144' title='bbox 1333 1211 1451 1255; x_wconf 86' lang='grc' dir='ltr'><em>σου.”</em></span> 
     </span>
     <span class='ocr_line' id='line_1_18' title="bbox 172 1270 1524 1334; baseline -0.001 -16"><span class='ocrx_word' id='word_1_145' title='bbox 172 1275 267 1318; x_wconf 71' lang='lat' dir='ltr'>Kal</span> <span class='ocrx_word' id='word_1_146' title='bbox 293 1277 337 1319; x_wconf 80' lang='grc' dir='ltr'>ἐν</span> <span class='ocrx_word' id='word_1_147' title='bbox 369 1279 427 1334; x_wconf 79' lang='grc' dir='ltr'><em>τῷ</em></span> <span class='ocrx_word' id='word_1_148' title='bbox 455 1274 546 1329; x_wconf 73' lang='grc' dir='ltr'>ἅμα</span> <span class='ocrx_word' id='word_1_149' title='bbox 575 1274 671 1319; x_wconf 77' lang='grc' dir='ltr'><em>ὅλον</em></span> <span class='ocrx_word' id='word_1_150' title='bbox 699 1270 960 1330; x_wconf 12' lang='grc' dir='ltr'><em>τὸγτέμπλον</em></span> <span class='ocrx_word' id='word_1_151' title='bbox 988 1278 1043 1328; x_wconf 80' lang='grc' dir='ltr'>μὲ</span> <span class='ocrx_word' id='word_1_152' title='bbox 1078 1275 1131 1316; x_wconf 85' lang='grc' dir='ltr'><em>τὰ</em></span> <span class='ocrx_word' id='word_1_153' title='bbox 1167 1271 1266 1330; x_wconf 77' lang='grc' dir='ltr'><em>ἅγια</em></span> <span class='ocrx_word' id='word_1_154' title='bbox 1299 1275 1444 1331; x_wconf 77' lang='grc' dir='ltr'><em>θύρη,</em></span> <span class='ocrx_word' id='word_1_155' title='bbox 1476 1274 1524 1318; x_wconf 86' lang='grc' dir='ltr'><em>τὸ</em></span> 
     </span>
     <span class='ocr_line' id='line_1_19' title="bbox 59 1337 1523 1398; baseline -0.001 -13"><span class='ocrx_word' id='word_1_156' title='bbox 59 1341 241 1385; x_wconf 79' lang='grc' dir='ltr'><em>παλαιὸν</em></span> <span class='ocrx_word' id='word_1_157' title='bbox 271 1341 415 1394; x_wconf 71' lang='grc' dir='ltr'><em>ἐκεῖνο,</em></span> <span class='ocrx_word' id='word_1_158' title='bbox 446 1342 492 1385; x_wconf 85' lang='grc' dir='ltr'><em>τὸ</em></span> <span class='ocrx_word' id='word_1_159' title='bbox 515 1344 855 1398; x_wconf 75' lang='grc' dir='ltr'><em>σεσαθρωμένον,</em></span> <span class='ocrx_word' id='word_1_160' title='bbox 887 1343 934 1385; x_wconf 86' lang='grc' dir='ltr'><em>τὸ</em></span> <span class='ocrx_word' id='word_1_161' title='bbox 954 1337 1120 1397; x_wconf 73' lang='grc' dir='ltr'><em>εἷῖγαλε,</em></span> <span class='ocrx_word' id='word_1_162' title='bbox 1149 1345 1221 1385; x_wconf 84' lang='grc' dir='ltr'><em>καί</em></span> <span class='ocrx_word' id='word_1_163' title='bbox 1245 1340 1399 1395; x_wconf 80' lang='grc' dir='ltr'><em>ἔκαμεν</em></span> <span class='ocrx_word' id='word_1_164' title='bbox 1419 1337 1523 1384; x_wconf 66' lang='grc' dir='ltr'><em>αὐτὸ</em></span> 
     </span>
     <span class='ocr_line' id='line_1_20' title="bbox 58 1406 1603 1467; baseline -0.001 -15"><span class='ocrx_word' id='word_1_165' title='bbox 58 1413 163 1464; x_wconf 83' lang='grc' dir='ltr'><em>νέον,</em></span> <span class='ocrx_word' id='word_1_166' title='bbox 195 1406 291 1452; x_wconf 78' lang='grc' dir='ltr'><em>ὅλον</em></span> <span class='ocrx_word' id='word_1_167' title='bbox 316 1410 501 1465; x_wconf 88' lang='grc' dir='ltr'><em>γλυπτὸν</em></span> <span class='ocrx_word' id='word_1_168' title='bbox 529 1412 583 1465; x_wconf 88' lang='grc' dir='ltr'>μὲ</span> <span class='ocrx_word' id='word_1_169' title='bbox 615 1409 803 1465; x_wconf 77' lang='grc' dir='ltr'><em>καθαρὸν</em></span> <span class='ocrx_word' id='word_1_170' title='bbox 831 1409 1051 1467; x_wconf 85' lang='grc' dir='ltr'><em>χρυσάφη,</em></span> <span class='ocrx_word' id='word_1_171' title='bbox 1080 1412 1154 1452; x_wconf 83' lang='grc' dir='ltr'><em>καί</em></span> <span class='ocrx_word' id='word_1_172' title='bbox 1171 1409 1246 1459; x_wconf 80' lang='grc' dir='ltr'><em>τὰς</em></span> <span class='ocrx_word' id='word_1_173' title='bbox 1275 1410 1416 1465; x_wconf 73' lang='grc' dir='ltr'><em>θύρας</em></span> <span class='ocrx_word' id='word_1_174' title='bbox 1442 1411 1603 1459; x_wconf 67' lang='lat'>1013&#39;181</span> 
     </span>
     <span class='ocr_line' id='line_1_21' title="bbox 59 1475 1523 1533; baseline 0 -14"><span class='ocrx_word' id='word_1_175' title='bbox 59 1476 248 1532; x_wconf 82' lang='grc' dir='ltr'><em>βήματος</em></span> <span class='ocrx_word' id='word_1_176' title='bbox 281 1475 386 1519; x_wconf 83' lang='grc' dir='ltr'><em>ὃποῦ</em></span> <span class='ocrx_word' id='word_1_177' title='bbox 423 1475 513 1531; x_wconf 80' lang='grc' dir='ltr'><em>ἔχει</em></span> <span class='ocrx_word' id='word_1_178' title='bbox 554 1476 626 1519; x_wconf 82' lang='grc' dir='ltr'><em>τόν</em></span> <span class='ocrx_word' id='word_1_179' title='bbox 674 1480 792 1519; x_wconf 81' lang='grc' dir='ltr'><em>θεῖον</em></span> <span class='ocrx_word' id='word_1_180' title='bbox 830 1476 1134 1530; x_wconf 80' lang='grc' dir='ltr'><em>εὐαγγελισμὸν</em></span> <span class='ocrx_word' id='word_1_181' title='bbox 1162 1479 1244 1533; x_wconf 52' lang='grc' dir='ltr'>ζτῆς</span> <span class='ocrx_word' id='word_1_182' title='bbox 1289 1475 1523 1532; x_wconf 75' lang='grc' dir='ltr'><em>ὑπεραγιάς</em></span> 
     </span>
     <span class='ocr_line' id='line_1_22' title="bbox 59 1539 1521 1599; baseline -0.001 -14"><span class='ocrx_word' id='word_1_183' title='bbox 59 1543 275 1596; x_wconf 76' lang='grc' dir='ltr'><em>θεοτόκου,</em></span> <span class='ocrx_word' id='word_1_184' title='bbox 306 1542 377 1585; x_wconf 82' lang='grc' dir='ltr'>καί</span> <span class='ocrx_word' id='word_1_185' title='bbox 405 1544 519 1595; x_wconf 81' lang='grc' dir='ltr'><em>δεξιά</em></span> <span class='ocrx_word' id='word_1_186' title='bbox 551 1546 623 1586; x_wconf 84' lang='grc' dir='ltr'><strong><em>καί</em></strong></span> <span class='ocrx_word' id='word_1_187' title='bbox 652 1544 865 1599; x_wconf 73' lang='grc' dir='ltr'><em>ἀριστερά,</em></span> <span class='ocrx_word' id='word_1_188' title='bbox 897 1541 1044 1584; x_wconf 81' lang='grc' dir='ltr'><em>α’πάνω</em></span> <span class='ocrx_word' id='word_1_189' title='bbox 1075 1541 1149 1585; x_wconf 80' lang='grc' dir='ltr'><em>καί</em></span> <span class='ocrx_word' id='word_1_190' title='bbox 1176 1543 1303 1597; x_wconf 84' lang='grc' dir='ltr'><em>κάτω,</em></span> <span class='ocrx_word' id='word_1_191' title='bbox 1324 1539 1419 1585; x_wconf 79' lang='grc' dir='ltr'><em>ὅλον</em></span> <span class='ocrx_word' id='word_1_192' title='bbox 1447 1543 1521 1585; x_wconf 90' lang='grc' dir='ltr'><em>τὸν</em></span> 
     </span>
     <span class='ocr_line' id='line_1_23' title="bbox 60 1607 1521 1666; baseline -0.001 -13"><span class='ocrx_word' id='word_1_193' title='bbox 60 1608 165 1653; x_wconf 70' lang='grc' dir='ltr'><em>ναὸν</em></span> <span class='ocrx_word' id='word_1_194' title='bbox 192 1609 416 1666; x_wconf 74' lang='grc' dir='ltr'><em>εὗτρὲπισε</em></span> <span class='ocrx_word' id='word_1_195' title='bbox 443 1613 515 1653; x_wconf 78' lang='grc' dir='ltr'>καί</span> <span class='ocrx_word' id='word_1_196' title='bbox 545 1609 618 1652; x_wconf 89' lang='grc' dir='ltr'>τὸν</span> <span class='ocrx_word' id='word_1_197' title='bbox 644 1611 886 1666; x_wconf 79' lang='grc' dir='ltr'><em>ἐλάμπρυνε</em></span> <span class='ocrx_word' id='word_1_198' title='bbox 920 1613 993 1652; x_wconf 85' lang='grc' dir='ltr'><em>καί</em></span> <span class='ocrx_word' id='word_1_199' title='bbox 1018 1610 1093 1652; x_wconf 87' lang='grc' dir='ltr'><em>τὸν</em></span> <span class='ocrx_word' id='word_1_200' title='bbox 1124 1610 1315 1653; x_wconf 77' lang='grc' dir='ltr'><em>ἑστόλισε</em></span> <span class='ocrx_word' id='word_1_201' title='bbox 1340 1612 1395 1664; x_wconf 83' lang='grc' dir='ltr'>μὲ</span> <span class='ocrx_word' id='word_1_202' title='bbox 1422 1607 1521 1652; x_wconf 84' lang='grc' dir='ltr'><em>διά·-</em></span> 
     </span>
    </p>
   </div>
   <div class='ocr_carea' id='block_1_3' title="bbox 60 1751 1520 2746">
    <p class='ocr_par' dir='ltr' id='par_1_3' title="bbox 60 1751 1520 1893">
     <span class='ocr_line' id='line_1_24' title="bbox 60 1751 1520 1796; baseline -0.002 -9"><span class='ocrx_word' id='word_1_203' title='bbox 60 1754 132 1788; x_wconf 88' lang='lat' dir='ltr'>tiae</span> <span class='ocrx_word' id='word_1_204' title='bbox 157 1752 335 1796; x_wconf 45' lang='lat' dir='ltr'>benstcio</span> <span class='ocrx_word' id='word_1_205' title='bbox 365 1753 486 1786; x_wconf 86' lang='lat' dir='ltr'>evulsa</span> <span class='ocrx_word' id='word_1_206' title='bbox 515 1757 551 1786; x_wconf 85' lang='lat' dir='ltr'>et</span> <span class='ocrx_word' id='word_1_207' title='bbox 576 1752 752 1786; x_wconf 84' lang='lat' dir='ltr'>eradicata</span> <span class='ocrx_word' id='word_1_208' title='bbox 778 1757 831 1786; x_wconf 85' lang='lat' dir='ltr'>est</span> <span class='ocrx_word' id='word_1_209' title='bbox 854 1752 1065 1796; x_wconf 69' lang='lat' dir='ltr'>symoniaca</span> <span class='ocrx_word' id='word_1_210' title='bbox 1093 1751 1307 1785; x_wconf 88' lang='lat' dir='ltr'>nundinatio</span> <span class='ocrx_word' id='word_1_211' title='bbox 1334 1757 1370 1786; x_wconf 89' lang='lat' dir='ltr'>et</span> <span class='ocrx_word' id='word_1_212' title='bbox 1398 1751 1520 1785; x_wconf 87' lang='lat' dir='ltr'>emba-</span> 
     </span>
     <span class='ocr_line' id='line_1_25' title="bbox 61 1799 1519 1846; baseline -0.001 -12"><span class='ocrx_word' id='word_1_213' title='bbox 61 1801 211 1843; x_wconf 80' lang='lat' dir='ltr'>tieium;</span> <span class='ocrx_word' id='word_1_214' title='bbox 238 1799 336 1846; x_wconf 90' lang='lat' dir='ltr'>quod</span> <span class='ocrx_word' id='word_1_215' title='bbox 361 1806 398 1833; x_wconf 89' lang='lat' dir='ltr'>et</span> <span class='ocrx_word' id='word_1_216' title='bbox 415 1801 531 1846; x_wconf 87' lang='lat' dir='ltr'>ipsum</span> <span class='ocrx_word' id='word_1_217' title='bbox 547 1800 704 1834; x_wconf 86' lang='lat' dir='ltr'>Simonia</span> <span class='ocrx_word' id='word_1_218' title='bbox 722 1802 876 1833; x_wconf 80' lang='lat' dir='ltr'>maxime</span> <span class='ocrx_word' id='word_1_219' title='bbox 894 1801 1003 1845; x_wconf 87' lang='lat' dir='ltr'>impia</span> <span class='ocrx_word' id='word_1_220' title='bbox 1030 1805 1116 1841; x_wconf 86' lang='lat' dir='ltr'>erat,</span> <span class='ocrx_word' id='word_1_221' title='bbox 1137 1801 1231 1834; x_wconf 87' lang='lat' dir='ltr'>sicut</span> <span class='ocrx_word' id='word_1_222' title='bbox 1255 1811 1375 1846; x_wconf 88' lang='lat' dir='ltr'>supra,</span> <span class='ocrx_word' id='word_1_223' title='bbox 1403 1811 1519 1846; x_wconf 88' lang='lat' dir='ltr'>quan-</span> 
     </span>
     <span class='ocr_line' id='line_1_26' title="bbox 61 1848 773 1893; baseline -0.003 -11"><span class='ocrx_word' id='word_1_224' title='bbox 61 1854 134 1882; x_wconf 83' lang='lat' dir='ltr'>tum</span> <span class='ocrx_word' id='word_1_225' title='bbox 159 1848 258 1890; x_wconf 79' lang='lat' dir='ltr'>satis,</span> <span class='ocrx_word' id='word_1_226' title='bbox 286 1859 306 1880; x_wconf 90' lang='lat' dir='ltr'>a</span> <span class='ocrx_word' id='word_1_227' title='bbox 334 1848 438 1882; x_wconf 90' lang='lat' dir='ltr'>nobis</span> <span class='ocrx_word' id='word_1_228' title='bbox 468 1849 637 1893; x_wconf 87' lang='lat' dir='ltr'>scriptum</span> <span class='ocrx_word' id='word_1_229' title='bbox 665 1854 773 1881; x_wconf 81' lang='lat' dir='ltr'>extat.</span> 
     </span>
    </p>

    <p class='ocr_par' dir='ltr' id='par_1_4' title="bbox 60 1894 1520 2414">
     <span class='ocr_line' id='line_1_27' title="bbox 153 1894 1518 1940; baseline -0.001 -12"><span class='ocrx_word' id='word_1_230' title='bbox 153 1894 226 1929; x_wconf 78' lang='lat' dir='ltr'>noe</span> <span class='ocrx_word' id='word_1_231' title='bbox 253 1895 400 1928; x_wconf 83' lang='lat' dir='ltr'>salutari</span> <span class='ocrx_word' id='word_1_232' title='bbox 427 1906 536 1940; x_wconf 86' lang='lat' dir='ltr'>opere</span> <span class='ocrx_word' id='word_1_233' title='bbox 564 1906 583 1927; x_wconf 87' lang='lat' dir='ltr'>a</span> <span class='ocrx_word' id='word_1_234' title='bbox 609 1895 752 1928; x_wconf 86' lang='lat' dir='ltr'>Christo</span> <span class='ocrx_word' id='word_1_235' title='bbox 788 1895 952 1928; x_wconf 80' lang='lat' dir='ltr'>imitante</span> <span class='ocrx_word' id='word_1_236' title='bbox 988 1894 1189 1940; x_wconf 82' lang='lat' dir='ltr'>patriarcha</span> <span class='ocrx_word' id='word_1_237' title='bbox 1213 1894 1388 1939; x_wconf 79' lang='lat' dir='ltr'>perfectu,</span> <span class='ocrx_word' id='word_1_238' title='bbox 1413 1904 1518 1927; x_wconf 87' lang='lat' dir='ltr'>omne</span> 
     </span>
     <span class='ocr_line' id='line_1_28' title="bbox 60 1942 1518 1986; baseline -0.001 -10"><span class='ocrx_word' id='word_1_239' title='bbox 60 1942 218 1977; x_wconf 84' lang='lat' dir='ltr'>studium</span> <span class='ocrx_word' id='word_1_240' title='bbox 244 1943 321 1976; x_wconf 83' lang='lat' dir='ltr'>eius</span> <span class='ocrx_word' id='word_1_241' title='bbox 345 1942 505 1986; x_wconf 84' lang='lat' dir='ltr'>flagranti</span> <span class='ocrx_word' id='word_1_242' title='bbox 532 1942 711 1976; x_wconf 86' lang='lat' dir='ltr'>desiderio</span> <span class='ocrx_word' id='word_1_243' title='bbox 738 1942 782 1974; x_wconf 90' lang='lat' dir='ltr'>ad</span> <span class='ocrx_word' id='word_1_244' title='bbox 809 1942 1082 1976; x_wconf 78' lang='lat' dir='ltr'>meditationem</span> <span class='ocrx_word' id='word_1_245' title='bbox 1107 1943 1308 1975; x_wconf 84' lang='lat' dir='ltr'>divinarum</span> <span class='ocrx_word' id='word_1_246' title='bbox 1336 1942 1518 1974; x_wconf 84' lang='lat' dir='ltr'>literarum</span> 
     </span>
     <span class='ocr_line' id='line_1_29' title="bbox 60 1989 1519 2036; baseline -0.001 -12"><span class='ocrx_word' id='word_1_247' title='bbox 60 1990 236 2030; x_wconf 80' lang='lat' dir='ltr'>incubuit,</span> <span class='ocrx_word' id='word_1_248' title='bbox 263 1991 299 2023; x_wconf 90' lang='lat' dir='ltr'>iu</span> <span class='ocrx_word' id='word_1_249' title='bbox 328 1990 458 2036; x_wconf 83' lang='lat' dir='ltr'>quibus</span> <span class='ocrx_word' id='word_1_250' title='bbox 488 1989 563 2022; x_wconf 88' lang='lat' dir='ltr'>dies</span> <span class='ocrx_word' id='word_1_251' title='bbox 590 1995 788 2035; x_wconf 87' lang='lat' dir='ltr'>noctesque</span> <span class='ocrx_word' id='word_1_252' title='bbox 814 1996 973 2023; x_wconf 89' lang='lat' dir='ltr'>versatus</span> <span class='ocrx_word' id='word_1_253' title='bbox 999 1996 1053 2023; x_wconf 84' lang='lat' dir='ltr'>est</span> <span class='ocrx_word' id='word_1_254' title='bbox 1080 1996 1116 2023; x_wconf 83' lang='lat' dir='ltr'>et</span> <span class='ocrx_word' id='word_1_255' title='bbox 1139 2000 1234 2023; x_wconf 89' lang='lat' dir='ltr'>nuuc</span> <span class='ocrx_word' id='word_1_256' title='bbox 1265 1990 1371 2021; x_wconf 87' lang='lat' dir='ltr'>etiam</span> <span class='ocrx_word' id='word_1_257' title='bbox 1398 2000 1519 2022; x_wconf 84' lang='lat' dir='ltr'>versa-</span> 
     </span>
     <span class='ocr_line' id='line_1_30' title="bbox 61 2037 1518 2083; baseline -0.002 -12"><span class='ocrx_word' id='word_1_258' title='bbox 61 2043 130 2078; x_wconf 91' lang='lat' dir='ltr'>tur,</span> <span class='ocrx_word' id='word_1_259' title='bbox 157 2049 235 2071; x_wconf 90' lang='lat' dir='ltr'>cum</span> <span class='ocrx_word' id='word_1_260' title='bbox 260 2037 442 2082; x_wconf 76' lang='lat' dir='ltr'>theologia</span> <span class='ocrx_word' id='word_1_261' title='bbox 481 2037 747 2083; x_wconf 78' lang='lat' dir='ltr'>philosophiam</span> <span class='ocrx_word' id='word_1_262' title='bbox 785 2042 820 2070; x_wconf 86' lang='lat' dir='ltr'>et</span> <span class='ocrx_word' id='word_1_263' title='bbox 847 2037 916 2069; x_wconf 87' lang='lat' dir='ltr'>alia</span> <span class='ocrx_word' id='word_1_264' title='bbox 945 2038 1055 2070; x_wconf 82' lang='lat' dir='ltr'>multa</span> <span class='ocrx_word' id='word_1_265' title='bbox 1087 2037 1401 2081; x_wconf 87' lang='lat' dir='ltr'>ecclesiasticaque</span> <span class='ocrx_word' id='word_1_266' title='bbox 1430 2047 1518 2068; x_wconf 89' lang='lat' dir='ltr'>con-</span> 
     </span>
     <span class='ocr_line' id='line_1_31' title="bbox 60 2083 1519 2130; baseline -0.002 -12"><span class='ocrx_word' id='word_1_267' title='bbox 60 2087 222 2130; x_wconf 85' lang='lat' dir='ltr'>iungens.</span> <span class='ocrx_word' id='word_1_268' title='bbox 271 2091 379 2130; x_wconf 88' lang='lat' dir='ltr'>atque</span> <span class='ocrx_word' id='word_1_269' title='bbox 409 2090 447 2117; x_wconf 90' lang='lat' dir='ltr'>ut</span> <span class='ocrx_word' id='word_1_270' title='bbox 476 2085 707 2118; x_wconf 89' lang='lat' dir='ltr'>oecumenico</span> <span class='ocrx_word' id='word_1_271' title='bbox 734 2084 953 2128; x_wconf 78' lang='lat' dir='ltr'>patriarchae</span> <span class='ocrx_word' id='word_1_272' title='bbox 981 2091 1018 2118; x_wconf 89' lang='lat' dir='ltr'>et</span> <span class='ocrx_word' id='word_1_273' title='bbox 1042 2086 1136 2130; x_wconf 87' lang='lat' dir='ltr'>patri</span> <span class='ocrx_word' id='word_1_274' title='bbox 1162 2090 1198 2116; x_wconf 86' lang='lat' dir='ltr'>et</span> <span class='ocrx_word' id='word_1_275' title='bbox 1225 2083 1364 2116; x_wconf 85' lang='lat' dir='ltr'>doctori</span> <span class='ocrx_word' id='word_1_276' title='bbox 1385 2094 1519 2116; x_wconf 84' lang='lat' dir='ltr'>conve-</span> 
     </span>
     <span class='ocr_line' id='line_1_32' title="bbox 61 2129 1520 2177; baseline -0.003 -11"><span class='ocrx_word' id='word_1_277' title='bbox 61 2133 140 2173; x_wconf 84' lang='lat' dir='ltr'>nit,</span> <span class='ocrx_word' id='word_1_278' title='bbox 179 2143 246 2165; x_wconf 84' lang='lat' dir='ltr'>nec</span> <span class='ocrx_word' id='word_1_279' title='bbox 282 2133 433 2166; x_wconf 84' lang='lat' dir='ltr'>cessavit</span> <span class='ocrx_word' id='word_1_280' title='bbox 466 2143 532 2165; x_wconf 89' lang='lat' dir='ltr'>nec</span> <span class='ocrx_word' id='word_1_281' title='bbox 569 2137 683 2165; x_wconf 81' lang='lat' dir='ltr'>cessat</span> <span class='ocrx_word' id='word_1_282' title='bbox 725 2133 813 2177; x_wconf 87' lang='lat' dir='ltr'>quin</span> <span class='ocrx_word' id='word_1_283' title='bbox 846 2131 974 2165; x_wconf 85' lang='lat' dir='ltr'>doceat</span> <span class='ocrx_word' id='word_1_284' title='bbox 1014 2138 1048 2165; x_wconf 89' lang='lat' dir='ltr'>et</span> <span class='ocrx_word' id='word_1_285' title='bbox 1080 2131 1262 2177; x_wconf 87' lang='lat' dir='ltr'>praedicet</span> <span class='ocrx_word' id='word_1_286' title='bbox 1285 2129 1432 2162; x_wconf 91' lang='lat' dir='ltr'>verbum</span> <span class='ocrx_word' id='word_1_287' title='bbox 1459 2129 1520 2163; x_wconf 89' lang='lat' dir='ltr'>dei</span> 
     </span>
     <span class='ocr_line' id='line_1_33' title="bbox 62 2178 1519 2224; baseline -0.003 -11"><span class='ocrx_word' id='word_1_288' title='bbox 62 2179 226 2213; x_wconf 85' lang='lat' dir='ltr'>omnibus</span> <span class='ocrx_word' id='word_1_289' title='bbox 266 2181 334 2224; x_wconf 86' lang='lat' dir='ltr'>piis</span> <span class='ocrx_word' id='word_1_290' title='bbox 364 2179 408 2211; x_wconf 83' lang='lat' dir='ltr'>ad</span> <span class='ocrx_word' id='word_1_291' title='bbox 434 2180 584 2212; x_wconf 85' lang='lat' dir='ltr'>salutem</span> <span class='ocrx_word' id='word_1_292' title='bbox 626 2190 759 2219; x_wconf 86' lang='lat' dir='ltr'>eorum,</span> <span class='ocrx_word' id='word_1_293' title='bbox 785 2179 877 2212; x_wconf 91' lang='lat' dir='ltr'>sicut</span> <span class='ocrx_word' id='word_1_294' title='bbox 902 2179 1154 2223; x_wconf 80' lang='lat' dir='ltr'>sapientissimi</span> <span class='ocrx_word' id='word_1_295' title='bbox 1197 2178 1332 2222; x_wconf 86' lang='lat' dir='ltr'>quique</span> <span class='ocrx_word' id='word_1_296' title='bbox 1357 2184 1519 2210; x_wconf 85' lang='lat' dir='ltr'>veterum</span> 
     </span>
     <span class='ocr_line' id='line_1_34' title="bbox 62 2225 1519 2273; baseline -0.002 -14"><span class='ocrx_word' id='word_1_297' title='bbox 62 2226 343 2273; x_wconf 83' lang='lat' dir='ltr'>patriarcharum</span> <span class='ocrx_word' id='word_1_298' title='bbox 368 2227 587 2260; x_wconf 62' lang='lat' dir='ltr'>factitarunt„</span> <span class='ocrx_word' id='word_1_299' title='bbox 616 2238 769 2272; x_wconf 86' lang='lat' dir='ltr'>cumque</span> <span class='ocrx_word' id='word_1_300' title='bbox 798 2228 835 2260; x_wconf 90' lang='lat' dir='ltr'>in</span> <span class='ocrx_word' id='word_1_301' title='bbox 867 2227 942 2259; x_wconf 89' lang='lat' dir='ltr'>dies</span> <span class='ocrx_word' id='word_1_302' title='bbox 969 2228 1128 2271; x_wconf 85' lang='lat' dir='ltr'>singulos</span> <span class='ocrx_word' id='word_1_303' title='bbox 1155 2225 1396 2258; x_wconf 83' lang='lat' dir='ltr'>eruditionem</span> <span class='ocrx_word' id='word_1_304' title='bbox 1421 2236 1519 2257; x_wconf 81' lang='lat' dir='ltr'>suam</span> 
     </span>
     <span class='ocr_line' id='line_1_35' title="bbox 60 2271 1520 2318; baseline -0.002 -11"><span class='ocrx_word' id='word_1_305' title='bbox 60 2279 214 2318; x_wconf 85' lang='lat' dir='ltr'>augeat,</span> <span class='ocrx_word' id='word_1_306' title='bbox 244 2274 330 2307; x_wconf 82' lang='lat' dir='ltr'>facit</span> <span class='ocrx_word' id='word_1_307' title='bbox 358 2273 393 2306; x_wconf 91' lang='lat' dir='ltr'>id</span> <span class='ocrx_word' id='word_1_308' title='bbox 423 2286 466 2306; x_wconf 73' lang='lat' dir='ltr'>ex</span> <span class='ocrx_word' id='word_1_309' title='bbox 492 2273 650 2307; x_wconf 76' lang='lat' dir='ltr'>dictos.</span> <span class='ocrx_word' id='word_1_310' title='bbox 680 2273 822 2307; x_wconf 87' lang='lat' dir='ltr'>Davidis</span> <span class='ocrx_word' id='word_1_311' title='bbox 865 2273 1055 2314; x_wconf 88' lang='lat' dir='ltr'>“domine‚</span> <span class='ocrx_word' id='word_1_312' title='bbox 1101 2273 1210 2305; x_wconf 80' lang='lat' dir='ltr'>dilexi</span> <span class='ocrx_word' id='word_1_313' title='bbox 1260 2271 1424 2305; x_wconf 83' lang='lat' dir='ltr'>decorem</span> <span class='ocrx_word' id='word_1_314' title='bbox 1451 2271 1520 2304; x_wconf 90' lang='lat' dir='ltr'>do-</span> 
     </span>
     <span class='ocr_line' id='line_1_36' title="bbox 61 2318 1517 2366; baseline -0.001 -12"><span class='ocrx_word' id='word_1_315' title='bbox 61 2333 138 2354; x_wconf 89' lang='lat' dir='ltr'>mus</span> <span class='ocrx_word' id='word_1_316' title='bbox 164 2327 246 2354; x_wconf 82' lang='lat' dir='ltr'>tuae</span> <span class='ocrx_word' id='word_1_317' title='bbox 284 2327 321 2354; x_wconf 86' lang='lat' dir='ltr'>et</span> <span class='ocrx_word' id='word_1_318' title='bbox 357 2321 474 2353; x_wconf 89' lang='lat' dir='ltr'>locum</span> <span class='ocrx_word' id='word_1_319' title='bbox 510 2320 746 2355; x_wconf 84' lang='lat' dir='ltr'>habitationis</span> <span class='ocrx_word' id='word_1_320' title='bbox 784 2322 918 2366; x_wconf 86' lang='lat' dir='ltr'>gloriae</span> <span class='ocrx_word' id='word_1_321' title='bbox 945 2327 1026 2354; x_wconf 86' lang='lat' dir='ltr'>tuae</span> <span class='ocrx_word' id='word_1_322' title='bbox 1043 2324 1073 2362; x_wconf 87' lang='lat'>‚&#39;’</span> <span class='ocrx_word' id='word_1_323' title='bbox 1108 2326 1144 2353; x_wconf 87' lang='lat' dir='ltr'>et</span> <span class='ocrx_word' id='word_1_324' title='bbox 1176 2319 1298 2352; x_wconf 81' lang='lat' dir='ltr'>Basilii</span> <span class='ocrx_word' id='word_1_325' title='bbox 1335 2318 1380 2350; x_wconf 88' lang='grc' dir='ltr'>Μ.</span> <span class='ocrx_word' id='word_1_326' title='bbox 1410 2330 1450 2352; x_wconf 88' lang='lat' dir='ltr'>ac</span> <span class='ocrx_word' id='word_1_327' title='bbox 1474 2319 1517 2352; x_wconf 90' lang='lat' dir='ltr'>D.</span> 
     </span>
     <span class='ocr_line' id='line_1_37' title="bbox 61 2366 1398 2414; baseline -0.003 -12"><span class='ocrx_word' id='word_1_328' title='bbox 61 2367 303 2412; x_wconf 76' lang='lat' dir='ltr'>chrysostomi</span> <span class='ocrx_word' id='word_1_329' title='bbox 330 2368 536 2401; x_wconf 80' lang='lat' dir='ltr'>“sanctifica</span> <span class='ocrx_word' id='word_1_330' title='bbox 566 2379 626 2402; x_wconf 83' lang='lat' dir='ltr'>eos</span> <span class='ocrx_word' id='word_1_331' title='bbox 654 2370 716 2414; x_wconf 88' lang='lat' dir='ltr'>qui</span> <span class='ocrx_word' id='word_1_332' title='bbox 742 2368 898 2412; x_wconf 79' lang='lat' dir='ltr'>diligunt</span> <span class='ocrx_word' id='word_1_333' title='bbox 931 2368 1095 2401; x_wconf 88' lang='lat' dir='ltr'>decorem</span> <span class='ocrx_word' id='word_1_334' title='bbox 1122 2367 1251 2399; x_wconf 87' lang='lat' dir='ltr'>domus</span> <span class='ocrx_word' id='word_1_335' title='bbox 1279 2366 1398 2399; x_wconf 78' lang='lat' dir='ltr'>tuae.&#39;&#39;</span> 
     </span>
    </p>

    <p class='ocr_par' dir='ltr' id='par_1_5' title="bbox 60 2413 1518 2746">
     <span class='ocr_line' id='line_1_38' title="bbox 155 2413 1518 2461; baseline -0.001 -13"><span class='ocrx_word' id='word_1_336' title='bbox 155 2414 289 2448; x_wconf 86' lang='lat' dir='ltr'>Eodem</span> <span class='ocrx_word' id='word_1_337' title='bbox 317 2421 476 2461; x_wconf 86' lang='lat' dir='ltr'>tempore</span> <span class='ocrx_word' id='word_1_338' title='bbox 505 2421 619 2448; x_wconf 88' lang='lat' dir='ltr'>totum</span> <span class='ocrx_word' id='word_1_339' title='bbox 645 2416 772 2461; x_wconf 84' lang='lat' dir='ltr'>templi</span> <span class='ocrx_word' id='word_1_340' title='bbox 798 2416 986 2449; x_wconf 86' lang='lat' dir='ltr'>delubrum</span> <span class='ocrx_word' id='word_1_341' title='bbox 1011 2426 1090 2447; x_wconf 89' lang='lat' dir='ltr'>cum</span> <span class='ocrx_word' id='word_1_342' title='bbox 1117 2414 1223 2446; x_wconf 85' lang='lat' dir='ltr'>sacris</span> <span class='ocrx_word' id='word_1_343' title='bbox 1251 2413 1401 2454; x_wconf 80' lang='lat' dir='ltr'>foribus,</span> <span class='ocrx_word' id='word_1_344' title='bbox 1425 2413 1518 2446; x_wconf 89' lang='lat' dir='ltr'>illud</span> 
     </span>
     <span class='ocr_line' id='line_1_39' title="bbox 60 2461 1518 2507; baseline -0.001 -12"><span class='ocrx_word' id='word_1_345' title='bbox 60 2467 240 2496; x_wconf 82' lang='lat' dir='ltr'>vetustum</span> <span class='ocrx_word' id='word_1_346' title='bbox 270 2468 305 2495; x_wconf 86' lang='lat' dir='ltr'>et</span> <span class='ocrx_word' id='word_1_347' title='bbox 331 2463 584 2507; x_wconf 76' lang='lat' dir='ltr'>putrefactum,</span> <span class='ocrx_word' id='word_1_348' title='bbox 611 2464 771 2503; x_wconf 86' lang='lat' dir='ltr'>removit,</span> <span class='ocrx_word' id='word_1_349' title='bbox 797 2469 833 2496; x_wconf 84' lang='lat' dir='ltr'>et</span> <span class='ocrx_word' id='word_1_350' title='bbox 860 2463 904 2496; x_wconf 90' lang='lat' dir='ltr'>de</span> <span class='ocrx_word' id='word_1_351' title='bbox 919 2474 1012 2495; x_wconf 88' lang='lat' dir='ltr'>novo</span> <span class='ocrx_word' id='word_1_352' title='bbox 1039 2461 1253 2500; x_wconf 78' lang='lat' dir='ltr'>aedificavit,</span> <span class='ocrx_word' id='word_1_353' title='bbox 1279 2465 1394 2493; x_wconf 81' lang='lat' dir='ltr'>totum</span> <span class='ocrx_word' id='word_1_354' title='bbox 1422 2461 1518 2493; x_wconf 77' lang='lat' dir='ltr'>scul-</span> 
     </span>
     <span class='ocr_line' id='line_1_40' title="bbox 61 2507 1516 2555; baseline -0.001 -13"><span class='ocrx_word' id='word_1_355' title='bbox 61 2510 164 2555; x_wconf 84' lang='lat' dir='ltr'>ptile,</span> <span class='ocrx_word' id='word_1_356' title='bbox 191 2521 279 2554; x_wconf 88' lang='lat' dir='ltr'>puro</span> <span class='ocrx_word' id='word_1_357' title='bbox 306 2520 390 2543; x_wconf 84' lang='lat' dir='ltr'>auro</span> <span class='ocrx_word' id='word_1_358' title='bbox 420 2515 595 2543; x_wconf 84' lang='lat' dir='ltr'>ornatum.</span> <span class='ocrx_word' id='word_1_359' title='bbox 645 2511 728 2544; x_wconf 88' lang='lat' dir='ltr'>item</span> <span class='ocrx_word' id='word_1_360' title='bbox 756 2511 848 2543; x_wconf 84' lang='lat' dir='ltr'>fores</span> <span class='ocrx_word' id='word_1_361' title='bbox 871 2510 1108 2543; x_wconf 83' lang='lat' dir='ltr'>cancellorum</span> <span class='ocrx_word' id='word_1_362' title='bbox 1134 2508 1242 2551; x_wconf 75' lang='lat' dir='ltr'>secit3</span> <span class='ocrx_word' id='word_1_363' title='bbox 1271 2518 1342 2552; x_wconf 86' lang='lat' dir='ltr'>quo</span> <span class='ocrx_word' id='word_1_364' title='bbox 1371 2508 1408 2541; x_wconf 89' lang='lat' dir='ltr'>in</span> <span class='ocrx_word' id='word_1_365' title='bbox 1435 2507 1516 2541; x_wconf 93' lang='lat' dir='ltr'>loco</span> 
     </span>
     <span class='ocr_line' id='line_1_41' title="bbox 62 2554 1517 2602; baseline -0.001 -13"><span class='ocrx_word' id='word_1_366' title='bbox 62 2557 243 2600; x_wconf 84' lang='lat' dir='ltr'>angelicae</span> <span class='ocrx_word' id='word_1_367' title='bbox 269 2556 313 2589; x_wconf 85' lang='lat' dir='ltr'>ad</span> <span class='ocrx_word' id='word_1_368' title='bbox 350 2558 389 2590; x_wconf 92' lang='lat' dir='ltr'>D.</span> <span class='ocrx_word' id='word_1_369' title='bbox 415 2558 587 2602; x_wconf 82' lang='lat' dir='ltr'>virginem</span> <span class='ocrx_word' id='word_1_370' title='bbox 616 2558 842 2591; x_wconf 88' lang='lat' dir='ltr'>salutationis</span> <span class='ocrx_word' id='word_1_371' title='bbox 882 2558 999 2600; x_wconf 83' lang='lat' dir='ltr'>imago</span> <span class='ocrx_word' id='word_1_372' title='bbox 1028 2562 1092 2589; x_wconf 83' lang='lat' dir='ltr'>est.</span> <span class='ocrx_word' id='word_1_373' title='bbox 1141 2567 1181 2588; x_wconf 84' lang='lat' dir='ltr'>ac</span> <span class='ocrx_word' id='word_1_374' title='bbox 1208 2554 1331 2588; x_wconf 79' lang='lat' dir='ltr'>(lextra</span> <span class='ocrx_word' id='word_1_375' title='bbox 1357 2555 1517 2588; x_wconf 85' lang='lat' dir='ltr'>sinistra-</span> 
     </span>
     <span class='ocr_line' id='line_1_42' title="bbox 63 2601 1517 2650; baseline -0.002 -13"><span class='ocrx_word' id='word_1_376' title='bbox 63 2614 148 2648; x_wconf 77' lang='lat' dir='ltr'>que,</span> <span class='ocrx_word' id='word_1_377' title='bbox 173 2615 277 2649; x_wconf 75' lang='lat' dir='ltr'>supra</span> <span class='ocrx_word' id='word_1_378' title='bbox 302 2610 338 2637; x_wconf 87' lang='lat' dir='ltr'>et</span> <span class='ocrx_word' id='word_1_379' title='bbox 369 2604 471 2644; x_wconf 82' lang='lat' dir='ltr'>infra,</span> <span class='ocrx_word' id='word_1_380' title='bbox 498 2604 669 2650; x_wconf 84' lang='lat' dir='ltr'>templum</span> <span class='ocrx_word' id='word_1_381' title='bbox 698 2606 883 2638; x_wconf 78' lang='lat' dir='ltr'>exornavit</span> <span class='ocrx_word' id='word_1_382' title='bbox 909 2609 1046 2646; x_wconf 73' lang='lat' dir='ltr'>totum5</span> <span class='ocrx_word' id='word_1_383' title='bbox 1077 2602 1186 2648; x_wconf 87' lang='lat' dir='ltr'>idque</span> <span class='ocrx_word' id='word_1_384' title='bbox 1211 2601 1436 2647; x_wconf 84' lang='lat' dir='ltr'>splendidius</span> <span class='ocrx_word' id='word_1_385' title='bbox 1463 2602 1517 2635; x_wconf 80' lang='lat' dir='ltr'>fe-</span> 
     </span>
     <span class='ocr_line' id='line_1_43' title="bbox 63 2649 1516 2696; baseline -0.001 -14"><span class='ocrx_word' id='word_1_386' title='bbox 63 2651 123 2691; x_wconf 89' lang='lat' dir='ltr'>cit,</span> <span class='ocrx_word' id='word_1_387' title='bbox 146 2656 182 2684; x_wconf 87' lang='lat' dir='ltr'>et</span> <span class='ocrx_word' id='word_1_388' title='bbox 210 2650 393 2685; x_wconf 81' lang='lat' dir='ltr'>decoravit</span> <span class='ocrx_word' id='word_1_389' title='bbox 418 2652 524 2686; x_wconf 81' lang='lat' dir='ltr'>variis</span> <span class='ocrx_word' id='word_1_390' title='bbox 553 2652 782 2696; x_wconf 83' lang='lat' dir='ltr'>imaginibus,</span> <span class='ocrx_word' id='word_1_391' title='bbox 809 2652 942 2696; x_wconf 83' lang='lat' dir='ltr'>magnis</span> <span class='ocrx_word' id='word_1_392' title='bbox 971 2655 1006 2684; x_wconf 84' lang='lat' dir='ltr'>et</span> <span class='ocrx_word' id='word_1_393' title='bbox 1031 2651 1158 2695; x_wconf 84' lang='lat' dir='ltr'>parvis,</span> <span class='ocrx_word' id='word_1_394' title='bbox 1187 2649 1426 2694; x_wconf 86' lang='lat' dir='ltr'>pulcherrime</span> <span class='ocrx_word' id='word_1_395' title='bbox 1452 2661 1516 2682; x_wconf 85' lang='lat' dir='ltr'>ve-</span> 
     </span>
     <span class='ocr_line' id='line_1_44' title="bbox 65 2695 1512 2746; baseline -0.001 -15"><span class='ocrx_word' id='word_1_396' title='bbox 65 2698 156 2732; x_wconf 79' lang='lat' dir='ltr'>stitis</span> <span class='ocrx_word' id='word_1_397' title='bbox 193 2703 228 2732; x_wconf 79' lang='lat' dir='ltr'>et</span> <span class='ocrx_word' id='word_1_398' title='bbox 265 2698 500 2735; x_wconf 85' lang='lat' dir='ltr'>candelabris.</span> <span class='ocrx_word' id='word_1_399' title='bbox 550 2700 725 2735; x_wconf 87' lang='lat' dir='ltr'>columnis</span> <span class='ocrx_word' id='word_1_400' title='bbox 762 2710 907 2746; x_wconf 89' lang='lat' dir='ltr'>quoque</span> <span class='ocrx_word' id='word_1_401' title='bbox 939 2698 1062 2744; x_wconf 87' lang='lat' dir='ltr'>templi</span> <span class='ocrx_word' id='word_1_402' title='bbox 1098 2696 1327 2743; x_wconf 84' lang='lat' dir='ltr'>splendorem</span> <span class='ocrx_word' id='word_1_403' title='bbox 1351 2695 1512 2740; x_wconf 77' lang='lat' dir='ltr'>addidit3</span> 
     </span>
    </p>
   </div>
  </div>
 </body>
</html>
