1754 3016
613 106 1039 149 PATRIARCHICA.
1435 107 1458 147 1
1470 105 1527 148 17

77 204 185 252 ἅποῦ
211 203 404 248 ἐδίδασκε
447 209 519 247 καί
556 205 703 259 ὄμίλιε.
763 203 851 259 εἶχε
890 208 936 248 δὲ
973 207 1137 259 γλῶττα
1168 208 1419 262 θαυμαστῆ,
1461 205 1536 247 καί

74 268 242 312 ὅπλωνε
272 271 370 320 τούς
405 272 552 324 λόγους
574 287 652 313 του
692 275 747 324 μὲ
776 270 909 313 πολλὰ
953 271 1275 325 παραδείγματα
1305 273 1380 326 τῆς
1410 274 1534 320 θειάς

75 336 246 391 γραφῆς
274 337 596 392 duumuirum,
617 337 725 378 ὄποῦ
751 338 1052 392 ἐκατανύγετον
1070 339 1187 379 πᾶσα
1213 336 1335 391 ψυχή
1366 333 1535 392 ἀνθρώ-

76 417 182 444 που·
238 401 348 444 ὅποῦ
379 402 498 452 τινας
538 399 663 452 ἄλλος
691 402 938 459 σοφώτατος
983 406 1060 445 τοῦ
1095 406 1248 458 καιροῦ
1277 403 1435 445 ἐκείνου
1465 405 1536 446 δὲν

44 465 231 510 5ἔσωνεν
262 468 396 511 αὐτὸν
438 470 499 517 εἷς
534 468 611 517 τὰς
633 470 827 524 χάριτας.
896 470 1020 519 τόσος
1057 469 1139 523 γὰρ
1179 473 1311 523 μέγας
1347 463 1447 523 ἦτον
1475 472 1536 518 εἷς

78 531 152 588 τὴν
177 533 398 588 θεολογίαν
424 532 484 577 ὅτι
515 534 561 576 τὸ
591 531 723 587 ὄνομά
749 550 824 576 του
857 537 930 576 καί
946 534 971 588 ἧ
1002 534 1125 590 φήμη
1153 549 1226 576 του
1258 534 1446 589 ἠκούσθη
1475 536 1535 584 εἰς

78 597 155 641 τὸν
183 597 429 642 σουλτοὶνον.
487 600 561 642 καί
593 602 638 642 ἑν
664 602 722 656 τῷ
750 597 840 652 ἅμα
869 598 1024 642 ἔστειλε
1052 599 1156 654 πρὸς
1182 599 1308 642 αὐτὸν
1343 596 1456 650 ὅπως
1482 602 1533 642 νὰ

79 663 156 706 τοῦ
183 664 329 722 γράψῃ
375 666 450 721 τὴν
488 665 678 721 ἐξήγησιν
719 670 797 708 τοῦ
834 665 953 721 ἆγιόυ
996 665 1212 720 συμβόλου
1252 669 1328 721 τῆς
1356 668 1536 715 πίστεως

78 727 212 785 ἡμῶν,
238 727 369 786 ἤγουν
396 730 441 773 τὸ
465 731 676 774 ἰπιστεύω
709 730 769 782 εἷς
795 731 868 774 ἕνα
894 731 1019 785 θεόν,
1056 733 1220 788 πατέρα
1249 731 1535 788 παντοκράτο-

27 797 175 850 ιορα.”
227 797 373 840 λοιπόν
401 796 423 839 ὃ
450 799 710 853 πατριάρχης
740 798 870 851 ἔκαμε
899 798 974 853 τὴν
1002 799 1206 854 ἐξήγησιν,
1253 799 1325 840 καί
1353 799 1538 853 ἔγραψεν

82 861 217 917 αὐτὴν
243 863 460 918 θεολογικά
493 865 566 905 κατ’
611 867 778 918 τεχνικὰ
825 866 882 914 ὥς
917 864 1161 920 σοφώτατος
1191 864 1298 906 ὄποῦ
1324 859 1440 920 ἦτον,
1468 867 1542 907 καί

80 927 404 982 τὴνρἅπέστειλε
445 932 520 972 τοῦ
563 931 810 972 σουλτοίνου.
877 934 948 972 καί
992 931 1049 980 ὥς
1087 931 1163 986 την
1199 930 1373 985 ἔλαβεν,
1401 930 1539 987 ἐχάρη

83 995 232 1047 πολλά,
259 994 317 1051 ὥς
341 991 496 1038 ἄκουσε
522 997 600 1051 τὴν
629 995 819 1051 ἐξήγησιν
847 997 994 1040 αὐτοῦ.
1419 1018 1423 1022 ·

190 1054 328 1103 Ἦσαν
353 1063 399 1103 δὲ
427 1065 486 1118 τῷ
512 1065 645 1118 καιρῷ
663 1065 805 1120 ἐκείνῳ
825 1067 934 1116 μέσα
961 1065 1021 1113 εἰς
1048 1063 1095 1105 τὸ
1117 1065 1283 1119 σαράγη
1312 1065 1388 1106 τοῦ
1415 1067 1540 1106 σουλ-

32 1124 216 1172 15τιὶνου
247 1127 536 1180 εὐγενέστατοι
576 1130 649 1170 καί
675 1131 1001 1182 πεπαιδευμένοι
1043 1132 1090 1172 ἐκ
1117 1130 1194 1184 τήν
1225 1132 1538 1184 Τραπεζοῦντα.

87 1191 172 1235 α’πὸ
200 1191 307 1241 τούς
331 1192 500 1242 ὁποίους
518 1190 620 1248 ἦτον
648 1195 670 1236 ὅ
703 1194 798 1244 ἕνας
818 1227 830 1248 ,
863 1196 955 1244 υἱὸς
983 1198 1057 1239 τοῦ
1080 1195 1358 1251 Ἀιιηρούτζη,
1390 1195 1413 1237 ὅ
1443 1199 1540 1238 Με-

83 1261 212 1312 χεμέτ
241 1263 345 1314 πεϊς,
373 1258 623 1314 λογιώτατος
650 1261 722 1302 καί
751 1261 993 1317 ’σοφώτατος
1021 1264 1081 1311 εἰς
1116 1262 1163 1303 τὸ
1188 1261 1424 1318 Ἑλληνικὸν
1452 1262 1541 1316 μά-

77 1327 203 1379 θημα
231 1327 305 1366 καί
329 1326 389 1374 εἰς
417 1325 465 1367 τὸ
492 1327 732 1380 Ἀραβικόν.
799 1329 923 1370 τόσον
951 1329 1030 1383 γὰρ
1074 1324 1169 1383 ἦτον
1196 1328 1445 1385 σοφώτατος
1477 1325 1541 1371 ὅτι

87 1389 313 1443 τάβιβλιά
339 1391 392 1432 τὰ
438 1391 556 1433 &cuci
585 1410 670 1446 μας
707 1397 792 1436 ταῖν
818 1397 1089 1449 Χριστιανῶν
1128 1394 1178 1436 τὰ
1218 1393 1542 1448 έμεταγλώττισε

33 1457 147 1504 ροείς
174 1455 248 1510 τήν
286 1456 514 1512 Ἀραβικὴν
561 1462 730 1512 γλῶσσα
761 1460 832 1501 διὰ
877 1458 1058 1514 ὁρισμοῦ
1101 1463 1177 1504 τοῦ
1216 1461 1459 1504 σουλτάνου.
1519 1462 1541 1501 ὁ

87 1520 165 1576 γὰρ
195 1522 420 1572 σουλτάνος
449 1526 518 1566 ὁὲν
546 1524 678 1567 ἔπαυε
707 1529 806 1567 ποτὲ
835 1525 885 1567 νά
916 1528 1048 1581 μηδὲν
1076 1529 1215 1585 ἐρωτᾷ
1241 1527 1316 1569 τὸν
1345 1525 1440 1568 υἱόν
1466 1527 1543 1568 τοῦ

91 1587 353 1644 Λμηρούτζη
391 1590 450 1638 ὥς
490 1592 625 1646 σοφὸν
670 1586 907 1647 ἄνθρωπον,
949 1595 1022 1634 καί
1054 1587 1207 1642 ἄλλους
1245 1591 1404 1648 σοφοὺς
1432 1591 1541 1633 ὄποῧ

89 1760 252 1795 decentii!
274 1761 382 1795 melle
411 1761 551 1795 dulcior
574 1762 711 1797 fluebat
732 1765 862 1797 oratio.
910 1765 1066 1808 linguam
1103 1765 1238 1810 quippe
1266 1765 1367 1809 copia
1392 1770 1427 1797 et
1453 1776 1536 1798 sua-

90 1809 202 1841 vitate
225 1807 426 1842 mirabilem
463 1809 648 1850 habebat,
675 1810 928 1856 doctrinasque
954 1823 1035 1844 suas
1061 1812 1182 1846 multis
1210 1822 1386 1845 sacrarum
1411 1812 1536 1844 litera·

89 1866 167 1888 rum
193 1856 366 1900 exemplis
393 1856 632 1900 pulcherrime
672 1858 855 1902 explicans
882 1858 1106 1899 illustrabat,
1129 1860 1179 1892 ita
1203 1864 1243 1892 ut
1267 1865 1401 1892 motum
1431 1861 1538 1891 affer-

91 1907 147 1935 ret
181 1902 331 1935 cuiusvis
357 1901 512 1935 hominis
547 1905 666 1936 animo
705 1915 859 1949 eumque
901 1917 1153 1950 compungens.
1211 1916 1296 1938 sane
1333 1917 1536 1950 quanquam

90 1947 292 1993 complures
317 1948 382 1981 illo
407 1955 567 1994 tempore
595 1951 788 1984 doctissimi
808 1953 872 1985 viri
898 1952 1186 1991 inveniebantur,
1211 1964 1316 1985 nemo
1346 1952 1536 1986 abundan-

89 1996 140 2028 tia
167 2000 204 2027 et
227 2000 411 2028 venustate
451 1997 621 2029 orationis
660 2008 738 2029 cum
767 1999 845 2042 ipso
883 1999 1075 2044 adaequari
1113 2005 1265 2044 poterat.
1317 2005 1388 2031 tam
1416 2000 1538 2031 excel-

91 2041 170 2074 lens
195 2043 291 2075 enim
318 2041 506 2086 theologus
531 2049 608 2076 erat
632 2049 670 2076 ut
696 2044 882 2078 celebritas
910 2047 1066 2078 nominis
1104 2047 1180 2077 eius
1208 2045 1252 2077 ad
1276 2046 1407 2078 sultani
1435 2057 1537 2078 aures

75 2089 305 2133 „perveniret
353 2100 393 2121 ac
416 2100 498 2121 mox
526 2090 571 2122 ad
596 2091 712 2134 ipsum
737 2092 846 2132 misit,
870 2098 909 2124 ut
926 2093 993 2125 sibi
1022 2093 1299 2136 explicationem
1324 2093 1359 2124 S.
1386 2092 1539 2134 symboli

93 2134 179 2167 fidei
201 2141 345 2168 nostrae
370 2136 500 2168 “credo
534 2137 571 2169 in
598 2148 708 2169 unum
735 2137 859 2175 deum,
884 2146 1019 2184 patrem
1053 2138 1358 2183 omnipotentem'’
1386 2139 1541 2171 conscri-

93 2181 208 2234 beret.
255 2181 407 2226 proinde
444 2183 482 2215 in
511 2193 551 2216 ea
575 2186 875 2218 commentatione
912 2186 1111 2230 patriarcba
1140 2185 1348 2223 elaboravit,
1375 2185 1544 2217 omnino-

95 2239 166 2273 que
194 2228 407 2272 theologice,
433 2235 470 2262 et
497 2230 685 2263 artificiose
710 2242 774 2276 pro
796 2233 924 2265 eximia
949 2233 1127 2277 sapientia
1153 2243 1215 2264 sua
1244 2231 1411 2271 absolvit,
1434 2237 1543 2276 atque

95 2274 143 2307 ad
169 2274 348 2307 sultanum
377 2277 482 2308 misit.
534 2278 597 2322 qui
623 2284 660 2310 ut
686 2280 824 2324 accepit
853 2284 890 2312 et
925 2280 1139 2313 sententiam
1168 2279 1243 2312 eius
1267 2279 1440 2323 percepit,
1467 2290 1544 2311 ma-

95 2332 164 2365 gna
190 2321 376 2366 voluptate
404 2324 550 2355 affectus
579 2330 642 2356 est.

189 2378 367 2412 Vivebant
403 2380 467 2412 illa
499 2385 709 2425 tempestate
736 2383 773 2415 in
807 2383 944 2426 palatio
972 2384 1067 2426 regio
1109 2381 1324 2414 nobilissimi
1354 2385 1390 2414 et
1414 2381 1544 2414 eruditi

95 2425 281 2463 homines,
324 2436 367 2457 ex
391 2426 478 2458 urbe
503 2426 726 2471 Trapezunte
768 2430 858 2468 orti,
893 2441 912 2462 e
951 2431 1080 2473 quibus
1109 2434 1183 2460 erat
1216 2440 1306 2460 unus
1333 2428 1542 2461 Amerutzae

99 2472 206 2510 filius,
234 2471 455 2505 Mechemeta
482 2473 602 2515 begus,
630 2473 852 2507 doctissimus
877 2481 913 2508 et
941 2475 1196 2507 scientissimus
1227 2480 1300 2507 tum
1327 2476 1542 2507 Graecarum

96 2524 173 2551 tum
200 2519 425 2551 Arabicarum
463 2519 657 2552 literarum.
718 2527 816 2554 tanta
846 2533 999 2565 namque
1037 2522 1071 2552 in
1099 2522 1175 2564 ipso
1216 2521 1376 2554 doctriua
1403 2527 1478 2555 erat
1505 2529 1544 2555 ut

97 2565 208 2598 libros
234 2571 384 2603 nostros,
409 2565 643 2598 Christianam
671 2569 879 2611 religionem
905 2568 1130 2600 continentes
1156 2573 1190 2599 et
1217 2568 1318 2607 alios,
1347 2570 1442 2600 iussu
1469 2569 1546 2600 sul-

98 2612 173 2644 tani
192 2612 228 2644 in
245 2612 430 2644 Arabicam
457 2613 664 2646 transferret
695 2614 863 2657 linguam.
888 2625 1070 2658 nunquam
1107 2615 1199 2646 enim
1226 2615 1330 2647 linem
1360 2626 1402 2647 ex
1427 2627 1481 2653 co,
1508 2621 1546 2648 ut

100 2657 239 2692 erudito
265 2658 435 2700 homine,
461 2665 494 2692 et
530 2671 572 2692 ex
604 2660 682 2693 aliis
709 2661 821 2694 doctis
854 2661 978 2694 aulicis
1008 2660 1051 2693 de
1089 2660 1158 2693 fide
1185 2661 1387 2694 Christiana
1424 2662 1545 2694 scisci-
