<?xml version="1.0" encoding="UTF-8"?>
<!DOCTYPE html PUBLIC "-//W3C//DTD XHTML 1.0 Transitional//EN"
    "http://www.w3.org/TR/xhtml1/DTD/xhtml1-transitional.dtd">
<html xmlns="http://www.w3.org/1999/xhtml" xml:lang="en" lang="en">
 <head>
  <title>
</title>
<meta http-equiv="Content-Type" content="text/html;charset=utf-8" />
  <meta name='ocr-system' content='tesseract 3.04.00' />
  <meta name='ocr-capabilities' content='ocr_page ocr_carea ocr_par ocr_line ocrx_word'/>
</head>
<body>
  <div class='ocr_page' id='page_1' title='image "./corpusscriptorum22niebuoft_0145.png"; bbox 0 0 1754 3016; ppageno 0'>
   <div class='ocr_carea' id='block_1_1' title="bbox 625 91 1526 141">
    <p class='ocr_par' dir='ltr' id='par_1_1' title="bbox 625 91 1526 141">
     <span class='ocr_line' id='line_1_1' title="bbox 625 91 1526 141; baseline -0.007 0"><span class='ocrx_word' id='word_1_1' title='bbox 625 96 1031 141; x_wconf 77' lang='lat' dir='ltr'>PATRIARCHICA</span> <span class='ocrx_word' id='word_1_2' title='bbox 1038 127 1048 138; x_wconf 89' lang='lat'><em>.</em></span> <span class='ocrx_word' id='word_1_3' title='bbox 1433 93 1455 135; x_wconf 92' lang='lat'>1</span> <span class='ocrx_word' id='word_1_4' title='bbox 1463 91 1526 137; x_wconf 80' lang='lat'>35</span> 
     </span>
    </p>
   </div>
   <div class='ocr_carea' id='block_1_2' title="bbox 33 198 1610 783">
    <p class='ocr_par' dir='ltr' id='par_1_2' title="bbox 33 198 1610 783">
     <span class='ocr_line' id='line_1_2' title="bbox 70 198 1532 257; baseline -0.005 -11"><span class='ocrx_word' id='word_1_5' title='bbox 70 205 190 246; x_wconf 76' lang='grc' dir='ltr'><strong><em>λαοῦ.</em></strong></span> <span class='ocrx_word' id='word_1_6' title='bbox 260 200 346 256; x_wconf 74' lang='grc' dir='ltr'><strong><em>εἶχε</em></strong></span> <span class='ocrx_word' id='word_1_7' title='bbox 388 204 436 244; x_wconf 78' lang='grc' dir='ltr'>δὲ</span> <span class='ocrx_word' id='word_1_8' title='bbox 482 201 557 244; x_wconf 81' lang='grc' dir='ltr'>τὸν</span> <span class='ocrx_word' id='word_1_9' title='bbox 598 201 904 257; x_wconf 83' lang='grc' dir='ltr'><strong><em>πατριαρχικόν</em></strong></span> <span class='ocrx_word' id='word_1_10' title='bbox 943 200 1099 255; x_wconf 81' lang='grc' dir='ltr'><strong><em>θρόνον</em></strong></span> <span class='ocrx_word' id='word_1_11' title='bbox 1133 198 1286 254; x_wconf 86' lang='grc' dir='ltr'><strong><em>χρόνον</em></strong></span> <span class='ocrx_word' id='word_1_12' title='bbox 1322 199 1423 250; x_wconf 64' lang='grc' dir='ltr'><strong><em>ἕνα,</em></strong></span> <span class='ocrx_word' id='word_1_13' title='bbox 1458 200 1532 239; x_wconf 78' lang='grc' dir='ltr'>καί</span> 
     </span>
     <span class='ocr_line' id='line_1_3' title="bbox 68 263 1529 324; baseline -0.004 -13"><span class='ocrx_word' id='word_1_14' title='bbox 68 269 210 324; x_wconf 81' lang='grc' dir='ltr'><strong><em>ἕγιναν</em></strong></span> <span class='ocrx_word' id='word_1_15' title='bbox 236 267 452 311; x_wconf 76' lang='grc' dir='ltr'>σκάνδαλα</span> <span class='ocrx_word' id='word_1_16' title='bbox 497 269 660 324; x_wconf 76' lang='grc' dir='ltr'><strong><em>μεγαλα</em></strong></span> <span class='ocrx_word' id='word_1_17' title='bbox 706 271 779 310; x_wconf 86' lang='grc' dir='ltr'>καί</span> <span class='ocrx_word' id='word_1_18' title='bbox 817 267 947 309; x_wconf 75' lang='grc' dir='ltr'><strong><em>πολλὰ</em></strong></span> <span class='ocrx_word' id='word_1_19' title='bbox 991 266 1075 308; x_wconf 84' lang='grc' dir='ltr'><strong><em>α’πὸ</em></strong></span> <span class='ocrx_word' id='word_1_20' title='bbox 1115 266 1184 308; x_wconf 85' lang='grc' dir='ltr'>τὸν</span> <span class='ocrx_word' id='word_1_21' title='bbox 1215 264 1416 317; x_wconf 80' lang='grc' dir='ltr'><em>Μάξιμον</em></span> <span class='ocrx_word' id='word_1_22' title='bbox 1455 263 1529 306; x_wconf 80' lang='grc' dir='ltr'>τὸν</span> 
     </span>
     <span class='ocr_line' id='line_1_4' title="bbox 67 328 1531 390; baseline -0.004 -14"><span class='ocrx_word' id='word_1_23' title='bbox 67 333 212 390; x_wconf 73' lang='grc' dir='ltr'><strong><em>πρώην</em></strong></span> <span class='ocrx_word' id='word_1_24' title='bbox 250 328 515 390; x_wconf 81' lang='grc' dir='ltr'><strong><em>πατριάρχην</em></strong></span> <span class='ocrx_word' id='word_1_25' title='bbox 554 334 628 376; x_wconf 79' lang='grc' dir='ltr'>καί</span> <span class='ocrx_word' id='word_1_26' title='bbox 656 333 739 375; x_wconf 70' lang='grc' dir='ltr'>ἀπὸ</span> <span class='ocrx_word' id='word_1_27' title='bbox 784 330 939 383; x_wconf 77' lang='grc' dir='ltr'><strong><em>ἄλλους</em></strong></span> <span class='ocrx_word' id='word_1_28' title='bbox 984 333 1197 387; x_wconf 76' lang='grc' dir='ltr'><em>ἀρχιερεῖς</em></span> <span class='ocrx_word' id='word_1_29' title='bbox 1221 332 1531 386; x_wconf 74' lang='grc' dir='ltr'><strong><em>μητροπολίτας</em></strong></span> 
     </span>
     <span class='ocr_line' id='line_1_5' title="bbox 68 395 1531 454; baseline -0.001 -14"><span class='ocrx_word' id='word_1_30' title='bbox 68 404 141 442; x_wconf 79' lang='grc' dir='ltr'>καί</span> <span class='ocrx_word' id='word_1_31' title='bbox 166 401 432 452; x_wconf 83' lang='grc' dir='ltr'><strong><em>ἐπισκόπους,</em></strong></span> <span class='ocrx_word' id='word_1_32' title='bbox 466 400 573 443; x_wconf 78' lang='grc' dir='ltr'>ὃποῦ</span> <span class='ocrx_word' id='word_1_33' title='bbox 602 402 672 442; x_wconf 80' lang='grc' dir='ltr'>δὲν</span> <span class='ocrx_word' id='word_1_34' title='bbox 702 395 862 454; x_wconf 76' lang='grc' dir='ltr'><strong><em>ἦθελαν</em></strong></span> <span class='ocrx_word' id='word_1_35' title='bbox 891 401 1045 451; x_wconf 72' lang='grc' dir='ltr'><strong><em>αὐτόν,</em></strong></span> <span class='ocrx_word' id='word_1_36' title='bbox 1075 399 1146 440; x_wconf 86' lang='grc' dir='ltr'>τὸν</span> <span class='ocrx_word' id='word_1_37' title='bbox 1176 396 1296 453; x_wconf 78' lang='grc' dir='ltr'><strong><em>κύριν</em></strong></span> <span class='ocrx_word' id='word_1_38' title='bbox 1322 395 1531 453; x_wconf 80' lang='grc' dir='ltr'><strong><em>Νήφωνα,</em></strong></span> 
     </span>
     <span class='ocr_line' id='line_1_6' title="bbox 33 461 1610 521; baseline -0.004 -14"><span class='ocrx_word' id='word_1_39' title='bbox 33 465 140 507; x_wconf 72' lang='grc' dir='ltr'><strong><em>ὁκαὶ</em></strong></span> <span class='ocrx_word' id='word_1_40' title='bbox 162 463 348 519; x_wconf 73' lang='grc' dir='ltr'><strong><em>εὔγαλαν</em></strong></span> <span class='ocrx_word' id='word_1_41' title='bbox 375 465 507 507; x_wconf 72' lang='grc' dir='ltr'><strong><em>αὐτόν</em></strong></span> <span class='ocrx_word' id='word_1_42' title='bbox 535 468 738 518; x_wconf 79' lang='grc' dir='ltr'><strong><em>δευτέραν</em></strong></span> <span class='ocrx_word' id='word_1_43' title='bbox 757 466 896 521; x_wconf 81' lang='grc' dir='ltr'><strong><em>φορὰν</em></strong></span> <span class='ocrx_word' id='word_1_44' title='bbox 916 466 962 507; x_wconf 79' lang='grc' dir='ltr'>ἐκ</span> <span class='ocrx_word' id='word_1_45' title='bbox 987 467 1062 506; x_wconf 84' lang='grc' dir='ltr'><strong><em>τοῦ</em></strong></span> <span class='ocrx_word' id='word_1_46' title='bbox 1083 464 1398 516; x_wconf 79' lang='grc' dir='ltr'><strong><em>πατριαρχικοῦ</em></strong></span> <span class='ocrx_word' id='word_1_47' title='bbox 1421 461 1610 516; x_wconf 60' lang='lat' dir='ltr'>&amp;qd-143</span> 
     </span>
     <span class='ocr_line' id='line_1_7' title="bbox 70 525 1534 586; baseline -0.003 -14"><span class='ocrx_word' id='word_1_48' title='bbox 70 530 142 572; x_wconf 65' lang='lat' dir='ltr'>von</span> <span class='ocrx_word' id='word_1_49' title='bbox 175 529 282 584; x_wconf 75' lang='grc' dir='ltr'><strong><em>μετὰ</em></strong></span> <span class='ocrx_word' id='word_1_50' title='bbox 324 529 508 586; x_wconf 78' lang='grc' dir='ltr'><strong><em>μεγάλης</em></strong></span> <span class='ocrx_word' id='word_1_51' title='bbox 546 530 792 585; x_wconf 72' lang='grc' dir='ltr'><strong><em>συγχύσεως</em></strong></span> <span class='ocrx_word' id='word_1_52' title='bbox 835 533 908 572; x_wconf 83' lang='grc' dir='ltr'>καί</span> <span class='ocrx_word' id='word_1_53' title='bbox 935 531 1122 584; x_wconf 78' lang='grc' dir='ltr'><strong><em>ταραχῆς</em></strong></span> <span class='ocrx_word' id='word_1_54' title='bbox 1155 531 1229 570; x_wconf 68' lang='grc' dir='ltr'><strong><em>καί</em></strong></span> <span class='ocrx_word' id='word_1_55' title='bbox 1259 525 1398 570; x_wconf 69' lang='grc' dir='ltr'><strong><em>ἄλλων</em></strong></span> <span class='ocrx_word' id='word_1_56' title='bbox 1428 532 1534 569; x_wconf 86' lang='grc' dir='ltr'><strong><em>πολ-</em></strong></span> 
     </span>
     <span class='ocr_line' id='line_1_8' title="bbox 69 593 1533 650; baseline -0.003 -12"><span class='ocrx_word' id='word_1_57' title='bbox 69 599 151 639; x_wconf 71' lang='grc' dir='ltr'>λῶν</span> <span class='ocrx_word' id='word_1_58' title='bbox 177 599 326 640; x_wconf 74' lang='grc' dir='ltr'><strong><em>κακῶν.</em></strong></span> <span class='ocrx_word' id='word_1_59' title='bbox 397 598 470 638; x_wconf 86' lang='grc' dir='ltr'><strong><em>καί</em></strong></span> <span class='ocrx_word' id='word_1_60' title='bbox 514 593 614 639; x_wconf 77' lang='grc' dir='ltr'><strong><em>ὅταν</em></strong></span> <span class='ocrx_word' id='word_1_61' title='bbox 650 593 834 650; x_wconf 66' lang='grc' dir='ltr'><strong><em>εὔγαλαν</em></strong></span> <span class='ocrx_word' id='word_1_62' title='bbox 861 598 1007 638; x_wconf 79' lang='grc' dir='ltr'><strong><em>τοῦτον</em></strong></span> <span class='ocrx_word' id='word_1_63' title='bbox 1044 597 1089 637; x_wconf 83' lang='grc' dir='ltr'>ἐκ</span> <span class='ocrx_word' id='word_1_64' title='bbox 1117 597 1194 636; x_wconf 77' lang='grc' dir='ltr'><strong><em>τοῦ</em></strong></span> <span class='ocrx_word' id='word_1_65' title='bbox 1222 596 1533 647; x_wconf 81' lang='grc' dir='ltr'><strong><em>πατριαρχικοῦ</em></strong></span> 
     </span>
     <span class='ocr_line' id='line_1_9' title="bbox 69 658 1532 716; baseline -0.005 -10"><span class='ocrx_word' id='word_1_66' title='bbox 69 666 225 716; x_wconf 81' lang='grc' dir='ltr'><strong><em>θρόνου</em></strong></span> <span class='ocrx_word' id='word_1_67' title='bbox 254 666 327 705; x_wconf 83' lang='grc' dir='ltr'><em>καί</em></span> <span class='ocrx_word' id='word_1_68' title='bbox 353 662 426 704; x_wconf 80' lang='grc' dir='ltr'>τὸν</span> <span class='ocrx_word' id='word_1_69' title='bbox 453 663 716 713; x_wconf 71' lang='grc' dir='ltr'><strong><em>α’πεὸίωξαν,</em></strong></span> <span class='ocrx_word' id='word_1_70' title='bbox 747 661 909 714; x_wconf 77' lang='grc' dir='ltr'><strong><em>ἔκαμαν</em></strong></span> <span class='ocrx_word' id='word_1_71' title='bbox 936 658 1112 703; x_wconf 74' lang='grc' dir='ltr'><strong><em>σύνοδον</em></strong></span> <span class='ocrx_word' id='word_1_72' title='bbox 1141 666 1257 702; x_wconf 83' lang='grc' dir='ltr'><strong><em>ποῖον</em></strong></span> <span class='ocrx_word' id='word_1_73' title='bbox 1284 658 1335 700; x_wconf 79' lang='grc' dir='ltr'><em>νὰ</em></span> <span class='ocrx_word' id='word_1_74' title='bbox 1370 659 1532 711; x_wconf 81' lang='grc' dir='ltr'><strong><em>κάμουν</em></strong></span> 
     </span>
     <span class='ocr_line' id='line_1_10' title="bbox 70 721 1529 783; baseline -0.003 -13"><span class='ocrx_word' id='word_1_75' title='bbox 70 727 334 783; x_wconf 76' lang='grc' dir='ltr'><strong><em>πατριάρχην</em></strong></span> <span class='ocrx_word' id='word_1_76' title='bbox 354 761 365 780; x_wconf 90' lang='grc'><em>,</em></span> <span class='ocrx_word' id='word_1_77' title='bbox 406 727 479 769; x_wconf 80' lang='grc' dir='ltr'><em>καί</em></span> <span class='ocrx_word' id='word_1_78' title='bbox 516 727 736 782; x_wconf 75' lang='grc' dir='ltr'><strong><em>α’νήφεραν</em></strong></span> <span class='ocrx_word' id='word_1_79' title='bbox 768 725 946 775; x_wconf 72' lang='grc' dir='ltr'><strong><em>πολλοὺς</em></strong></span> <span class='ocrx_word' id='word_1_80' title='bbox 983 726 1198 780; x_wconf 75' lang='grc' dir='ltr'><strong><em>ἀρχιερεῖς</em></strong></span> <span class='ocrx_word' id='word_1_81' title='bbox 1228 726 1288 775; x_wconf 85' lang='grc' dir='ltr'><strong><em>εἰς</em></strong></span> <span class='ocrx_word' id='word_1_82' title='bbox 1315 721 1360 767; x_wconf 85' lang='grc' dir='ltr'><strong><em>τὸ</em></strong></span> <span class='ocrx_word' id='word_1_83' title='bbox 1387 727 1529 778; x_wconf 82' lang='grc' dir='ltr'><strong><em>μέσον.</em></strong></span> 
     </span>
    </p>
   </div>
   <div class='ocr_carea' id='block_1_3' title="bbox 16 792 1047 849">
    <p class='ocr_par' dir='ltr' id='par_1_3' title="bbox 16 792 1047 849">
     <span class='ocr_line' id='line_1_11' title="bbox 16 792 1047 849; baseline 0 -15"><span class='ocrx_word' id='word_1_84' title='bbox 16 800 59 835; x_wconf 83' lang='lat'>10</span> <span class='ocrx_word' id='word_1_85' title='bbox 71 798 184 843; x_wconf 81' lang='grc' dir='ltr'><strong><em>τέλος</em></strong></span> <span class='ocrx_word' id='word_1_86' title='bbox 216 796 263 837; x_wconf 84' lang='grc' dir='ltr'>δὲ</span> <span class='ocrx_word' id='word_1_87' title='bbox 290 793 457 844; x_wconf 78' lang='grc' dir='ltr'><strong><em>ἔκλεξαν</em></strong></span> <span class='ocrx_word' id='word_1_88' title='bbox 485 793 720 849; x_wconf 79' lang='grc' dir='ltr'><strong><em>όμοφώνως</em></strong></span> <span class='ocrx_word' id='word_1_89' title='bbox 747 792 822 835; x_wconf 83' lang='grc' dir='ltr'>τὸν</span> <span class='ocrx_word' id='word_1_90' title='bbox 850 792 1047 848; x_wconf 82' lang='grc' dir='ltr'><strong><em>Δράμας.</em></strong></span> 
     </span>
    </p>
   </div>
   <div class='ocr_carea' id='block_1_4' title="bbox 384 906 1219 963">
    <p class='ocr_par' dir='ltr' id='par_1_4' title="bbox 384 906 1219 963">
     <span class='ocr_line' id='line_1_12' title="bbox 384 906 1219 963; baseline -0.005 -11"><span class='ocrx_word' id='word_1_91' title='bbox 384 909 608 953; x_wconf 84' lang='grc' dir='ltr'><em>ΙΩΑΚΕΙ</em></span> <span class='ocrx_word' id='word_1_92' title='bbox 610 911 664 950; x_wconf 86' lang='grc' dir='ltr'><em>Μ</em></span> <span class='ocrx_word' id='word_1_93' title='bbox 691 906 873 963; x_wconf 79' lang='grc' dir='ltr'><strong><em>Δράμας</em></strong></span> <span class='ocrx_word' id='word_1_94' title='bbox 899 909 1219 962; x_wconf 73' lang='grc' dir='ltr'><strong><em>μητροπολίτης.</em></strong></span> 
     </span>
    </p>
   </div>
   <div class='ocr_carea' id='block_1_5' title="bbox 70 1008 1535 1197">
    <p class='ocr_par' dir='ltr' id='par_1_5' title="bbox 70 1008 1535 1197">
     <span class='ocr_line' id='line_1_13' title="bbox 216 1008 1534 1066; baseline -0.003 -12"><span class='ocrx_word' id='word_1_95' title='bbox 216 1013 375 1055; x_wconf 77' lang='grc' dir='ltr'><strong><em>Τοῦτον</em></strong></span> <span class='ocrx_word' id='word_1_96' title='bbox 420 1010 496 1066; x_wconf 81' lang='grc' dir='ltr'>γὰρ</span> <span class='ocrx_word' id='word_1_97' title='bbox 526 1011 584 1059; x_wconf 76' lang='grc' dir='ltr'><strong><em>ὥς</em></strong></span> <span class='ocrx_word' id='word_1_98' title='bbox 614 1010 684 1052; x_wconf 86' lang='grc' dir='ltr'>τὸν</span> <span class='ocrx_word' id='word_1_99' title='bbox 715 1010 880 1060; x_wconf 83' lang='grc' dir='ltr'><strong><em>ἔκλεξαν</em></strong></span> <span class='ocrx_word' id='word_1_100' title='bbox 899 1042 911 1064; x_wconf 88' lang='grc'><em>,</em></span> <span class='ocrx_word' id='word_1_101' title='bbox 941 1008 1103 1063; x_wconf 80' lang='grc' dir='ltr'><strong><em>ἕκαμαν</em></strong></span> <span class='ocrx_word' id='word_1_102' title='bbox 1132 1012 1207 1052; x_wconf 82' lang='grc' dir='ltr'><em>καί</em></span> <span class='ocrx_word' id='word_1_103' title='bbox 1232 1010 1331 1059; x_wconf 77' lang='grc' dir='ltr'><strong><em>τούς</em></strong></span> <span class='ocrx_word' id='word_1_104' title='bbox 1359 1008 1534 1065; x_wconf 81' lang='grc' dir='ltr'><strong><em>ψήφους</em></strong></span> 
     </span>
     <span class='ocr_line' id='line_1_14' title="bbox 71 1073 1530 1132; baseline -0.002 -14"><span class='ocrx_word' id='word_1_105' title='bbox 71 1077 176 1119; x_wconf 74' lang='grc' dir='ltr'><strong><em>κατὰ</em></strong></span> <span class='ocrx_word' id='word_1_106' title='bbox 221 1078 296 1132; x_wconf 75' lang='grc' dir='ltr'>τὴν</span> <span class='ocrx_word' id='word_1_107' title='bbox 324 1076 555 1132; x_wconf 80' lang='grc' dir='ltr'><strong><em>συνήθειαν</em></strong></span> <span class='ocrx_word' id='word_1_108' title='bbox 574 1108 587 1128; x_wconf 90' lang='grc'><strong><em>,</em></strong></span> <span class='ocrx_word' id='word_1_109' title='bbox 630 1079 704 1117; x_wconf 85' lang='grc' dir='ltr'><em>καί</em></span> <span class='ocrx_word' id='word_1_110' title='bbox 745 1074 887 1128; x_wconf 79' lang='grc' dir='ltr'><strong><em>λαβών</em></strong></span> <span class='ocrx_word' id='word_1_111' title='bbox 925 1074 969 1117; x_wconf 82' lang='grc' dir='ltr'>τὸ</span> <span class='ocrx_word' id='word_1_112' title='bbox 999 1074 1151 1128; x_wconf 83' lang='grc' dir='ltr'><strong><em>μικρὸν</em></strong></span> <span class='ocrx_word' id='word_1_113' title='bbox 1179 1073 1353 1130; x_wconf 76' lang='grc' dir='ltr'><strong><em>μήνυμα</em></strong></span> <span class='ocrx_word' id='word_1_114' title='bbox 1382 1074 1456 1116; x_wconf 84' lang='grc' dir='ltr'><em>καί</em></span> <span class='ocrx_word' id='word_1_115' title='bbox 1483 1074 1530 1116; x_wconf 83' lang='grc' dir='ltr'>τὸ</span> 
     </span>
     <span class='ocr_line' id='line_1_15' title="bbox 70 1136 1535 1197; baseline -0.002 -12"><span class='ocrx_word' id='word_1_116' title='bbox 70 1146 177 1197; x_wconf 88' lang='grc' dir='ltr'><strong><em>μέγα</em></strong></span> <span class='ocrx_word' id='word_1_117' title='bbox 219 1143 412 1185; x_wconf 73' lang='grc' dir='ltr'><strong><em>ἐκάθισεν</em></strong></span> <span class='ocrx_word' id='word_1_118' title='bbox 460 1144 519 1190; x_wconf 84' lang='grc' dir='ltr'><strong><em>εἰς</em></strong></span> <span class='ocrx_word' id='word_1_119' title='bbox 562 1142 635 1183; x_wconf 84' lang='grc' dir='ltr'>τὸν</span> <span class='ocrx_word' id='word_1_120' title='bbox 676 1139 984 1196; x_wconf 85' lang='grc' dir='ltr'><strong><em>πατριαρχικόν</em></strong></span> <span class='ocrx_word' id='word_1_121' title='bbox 1030 1141 1196 1194; x_wconf 88' lang='grc' dir='ltr'><strong><em>θρόνον.</em></strong></span> <span class='ocrx_word' id='word_1_122' title='bbox 1258 1142 1403 1189; x_wconf 80' lang='grc' dir='ltr'><strong><em>τοῦτος</em></strong></span> <span class='ocrx_word' id='word_1_123' title='bbox 1436 1136 1535 1195; x_wconf 75' lang='grc' dir='ltr'><strong><em>ἦτον</em></strong></span> 
     </span>
    </p>
   </div>
   <div class='ocr_carea' id='block_1_6' title="bbox 19 1201 1536 1266">
    <p class='ocr_par' dir='ltr' id='par_1_6' title="bbox 19 1201 1536 1266">
     <span class='ocr_line' id='line_1_16' title="bbox 19 1201 1536 1266; baseline -0.002 -17"><span class='ocrx_word' id='word_1_124' title='bbox 19 1206 295 1262; x_wconf 76' lang='grc' dir='ltr'><strong><em>ι5ἄνθρωπος</em></strong></span> <span class='ocrx_word' id='word_1_125' title='bbox 321 1210 412 1256; x_wconf 90' lang='grc' dir='ltr'><strong><em>νέος</em></strong></span> <span class='ocrx_word' id='word_1_126' title='bbox 442 1210 517 1249; x_wconf 77' lang='grc' dir='ltr'><strong><em>καί</em></strong></span> <span class='ocrx_word' id='word_1_127' title='bbox 546 1206 762 1266; x_wconf 42' lang='grc' dir='ltr'><strong><em>ἰδιώτηςῂ</em></strong></span> <span class='ocrx_word' id='word_1_128' title='bbox 807 1202 896 1260; x_wconf 73' lang='grc' dir='ltr'>ἇμη</span> <span class='ocrx_word' id='word_1_129' title='bbox 927 1201 1023 1260; x_wconf 78' lang='grc' dir='ltr'><strong><em>ἦτον</em></strong></span> <span class='ocrx_word' id='word_1_130' title='bbox 1052 1205 1185 1247; x_wconf 80' lang='grc' dir='ltr'><strong><em>πολλὰ</em></strong></span> <span class='ocrx_word' id='word_1_131' title='bbox 1211 1204 1536 1259; x_wconf 71' lang='grc' dir='ltr'><strong><em>χρησιμώτατος</em></strong></span> 
     </span>
    </p>
   </div>
   <div class='ocr_carea' id='block_1_7' title="bbox 72 1269 1537 1524">
    <p class='ocr_par' dir='ltr' id='par_1_7' title="bbox 72 1269 1537 1524">
     <span class='ocr_line' id='line_1_17' title="bbox 72 1269 1537 1328; baseline -0.001 -14"><span class='ocrx_word' id='word_1_132' title='bbox 72 1277 147 1316; x_wconf 76' lang='grc' dir='ltr'><strong><em>καί</em></strong></span> <span class='ocrx_word' id='word_1_133' title='bbox 171 1271 364 1328; x_wconf 76' lang='grc' dir='ltr'><strong><em>ἐνάρετος</em></strong></span> <span class='ocrx_word' id='word_1_134' title='bbox 392 1276 466 1315; x_wconf 85' lang='grc' dir='ltr'><strong><em>καί</em></strong></span> <span class='ocrx_word' id='word_1_135' title='bbox 493 1272 700 1321; x_wconf 78' lang='grc' dir='ltr'><strong><em>ταπεινός.</em></strong></span> <span class='ocrx_word' id='word_1_136' title='bbox 778 1272 851 1313; x_wconf 79' lang='grc' dir='ltr'><em>καί</em></span> <span class='ocrx_word' id='word_1_137' title='bbox 878 1271 950 1313; x_wconf 79' lang='grc' dir='ltr'>διὰ</span> <span class='ocrx_word' id='word_1_138' title='bbox 983 1271 1035 1314; x_wconf 81' lang='grc' dir='ltr'><em>νὰ</em></span> <span class='ocrx_word' id='word_1_139' title='bbox 1069 1270 1159 1325; x_wconf 80' lang='grc' dir='ltr'><strong><em>ἔχει</em></strong></span> <span class='ocrx_word' id='word_1_140' title='bbox 1187 1270 1295 1312; x_wconf 64' lang='grc' dir='ltr'><strong><em>αὐτὰ</em></strong></span> <span class='ocrx_word' id='word_1_141' title='bbox 1327 1269 1379 1312; x_wconf 73' lang='grc' dir='ltr'><strong><em>τοὶ</em></strong></span> <span class='ocrx_word' id='word_1_142' title='bbox 1408 1273 1537 1326; x_wconf 80' lang='grc' dir='ltr'><strong><em>χαρί-</em></strong></span> 
     </span>
     <span class='ocr_line' id='line_1_18' title="bbox 72 1334 1534 1393; baseline -0.003 -11"><span class='ocrx_word' id='word_1_143' title='bbox 72 1357 236 1393; x_wconf 85' lang='grc' dir='ltr'><strong><em>σματα,</em></strong></span> <span class='ocrx_word' id='word_1_144' title='bbox 261 1339 332 1380; x_wconf 84' lang='grc' dir='ltr'>τόν</span> <span class='ocrx_word' id='word_1_145' title='bbox 372 1335 619 1391; x_wconf 82' lang='grc' dir='ltr'><strong><em>ἆγαποῦσαν</em></strong></span> <span class='ocrx_word' id='word_1_146' title='bbox 659 1335 755 1386; x_wconf 78' lang='grc' dir='ltr'><strong><em>ὅλος</em></strong></span> <span class='ocrx_word' id='word_1_147' title='bbox 782 1334 803 1378; x_wconf 80' lang='grc' dir='ltr'>ὅ</span> <span class='ocrx_word' id='word_1_148' title='bbox 833 1337 1007 1390; x_wconf 86' lang='grc' dir='ltr'><strong><em>κόσμος,</em></strong></span> <span class='ocrx_word' id='word_1_149' title='bbox 1035 1337 1256 1391; x_wconf 83' lang='grc' dir='ltr'><strong><em>ἱερωμένοι</em></strong></span> <span class='ocrx_word' id='word_1_150' title='bbox 1285 1335 1357 1377; x_wconf 84' lang='grc' dir='ltr'>καί</span> <span class='ocrx_word' id='word_1_151' title='bbox 1385 1336 1534 1378; x_wconf 76' lang='grc' dir='ltr'><strong><em>λαϊκοί.</em></strong></span> 
     </span>
     <span class='ocr_line' id='line_1_19' title="bbox 73 1399 1536 1461; baseline -0.003 -15"><span class='ocrx_word' id='word_1_152' title='bbox 73 1406 290 1461; x_wconf 72' lang='grc' dir='ltr'>ἠβουλήθη</span> <span class='ocrx_word' id='word_1_153' title='bbox 327 1407 375 1447; x_wconf 79' lang='grc' dir='ltr'>δὲ</span> <span class='ocrx_word' id='word_1_154' title='bbox 402 1404 451 1445; x_wconf 69' lang='lat' dir='ltr'>voi</span> <span class='ocrx_word' id='word_1_155' title='bbox 484 1404 623 1460; x_wconf 74' lang='grc' dir='ltr'><strong><em>ὑπάγῃ</em></strong></span> <span class='ocrx_word' id='word_1_156' title='bbox 655 1406 715 1458; x_wconf 84' lang='grc' dir='ltr'><strong><em>εἰς</em></strong></span> <span class='ocrx_word' id='word_1_157' title='bbox 745 1402 821 1458; x_wconf 79' lang='grc' dir='ltr'>τὴν</span> <span class='ocrx_word' id='word_1_158' title='bbox 853 1403 1036 1458; x_wconf 79' lang='grc' dir='ltr'><strong><em>Ἰβηρίαν</em></strong></span> <span class='ocrx_word' id='word_1_159' title='bbox 1064 1402 1137 1444; x_wconf 78' lang='grc' dir='ltr'>διὰ</span> <span class='ocrx_word' id='word_1_160' title='bbox 1169 1401 1219 1444; x_wconf 83' lang='grc' dir='ltr'>νὰ</span> <span class='ocrx_word' id='word_1_161' title='bbox 1253 1402 1368 1459; x_wconf 68' lang='grc' dir='ltr'><strong><em>δαίσῃ</em></strong></span> <span class='ocrx_word' id='word_1_162' title='bbox 1400 1399 1536 1456; x_wconf 72' lang='grc' dir='ltr'><strong><em>εὐχήν</em></strong></span> 
     </span>
     <span class='ocr_line' id='line_1_20' title="bbox 74 1466 1537 1524; baseline -0.002 -13"><span class='ocrx_word' id='word_1_163' title='bbox 74 1470 146 1512; x_wconf 80' lang='grc' dir='ltr'><strong><em>καὶ</em></strong></span> <span class='ocrx_word' id='word_1_164' title='bbox 171 1472 367 1524; x_wconf 69' lang='grc' dir='ltr'><strong><em>εὐλογίαν</em></strong></span> <span class='ocrx_word' id='word_1_165' title='bbox 394 1469 500 1524; x_wconf 80' lang='grc' dir='ltr'><strong><em>πρὸς</em></strong></span> <span class='ocrx_word' id='word_1_166' title='bbox 527 1469 624 1518; x_wconf 77' lang='grc' dir='ltr'><strong><em>τοὺς</em></strong></span> <span class='ocrx_word' id='word_1_167' title='bbox 653 1471 860 1517; x_wconf 66' lang='grc' dir='ltr'><strong><em>αὐθέντας</em></strong></span> <span class='ocrx_word' id='word_1_168' title='bbox 886 1471 963 1509; x_wconf 79' lang='grc' dir='ltr'><strong><em>τοῦ</em></strong></span> <span class='ocrx_word' id='word_1_169' title='bbox 993 1466 1124 1510; x_wconf 87' lang='grc' dir='ltr'><strong><em>τόπου</em></strong></span> <span class='ocrx_word' id='word_1_170' title='bbox 1153 1469 1312 1509; x_wconf 79' lang='grc' dir='ltr'><strong><em>ἐκείνου</em></strong></span> <span class='ocrx_word' id='word_1_171' title='bbox 1335 1470 1406 1508; x_wconf 82' lang='grc' dir='ltr'><strong><em>καί</em></strong></span> <span class='ocrx_word' id='word_1_172' title='bbox 1432 1483 1537 1508; x_wconf 83' lang='grc' dir='ltr'><strong><em>παν·</em></strong></span> 
     </span>
    </p>
   </div>
   <div class='ocr_carea' id='block_1_8' title="bbox 17 1530 1537 1590">
    <p class='ocr_par' dir='ltr' id='par_1_8' title="bbox 17 1530 1537 1590">
     <span class='ocr_line' id='line_1_21' title="bbox 17 1530 1537 1590; baseline -0.004 -12"><span class='ocrx_word' id='word_1_173' title='bbox 17 1548 63 1583; x_wconf 81' lang='lat'>20</span> <span class='ocrx_word' id='word_1_174' title='bbox 75 1533 145 1584; x_wconf 81' lang='grc' dir='ltr'>τὸς</span> <span class='ocrx_word' id='word_1_175' title='bbox 171 1538 247 1578; x_wconf 82' lang='grc' dir='ltr'><strong><em>τοῦ</em></strong></span> <span class='ocrx_word' id='word_1_176' title='bbox 273 1537 391 1577; x_wconf 77' lang='grc' dir='ltr'><strong><em>λαοῦ.</em></strong></span> <span class='ocrx_word' id='word_1_177' title='bbox 465 1538 539 1576; x_wconf 81' lang='grc' dir='ltr'><strong><em>καί</em></strong></span> <span class='ocrx_word' id='word_1_178' title='bbox 562 1533 660 1590; x_wconf 82' lang='grc' dir='ltr'><strong><em>ἔτζη</em></strong></span> <span class='ocrx_word' id='word_1_179' title='bbox 689 1533 843 1589; x_wconf 78' lang='grc' dir='ltr'><strong><em>ὑπῆγε,</em></strong></span> <span class='ocrx_word' id='word_1_180' title='bbox 871 1536 943 1575; x_wconf 81' lang='grc' dir='ltr'>καί</span> <span class='ocrx_word' id='word_1_181' title='bbox 973 1533 1210 1588; x_wconf 76' lang='grc' dir='ltr'><strong><em>ἐδέχθησαν</em></strong></span> <span class='ocrx_word' id='word_1_182' title='bbox 1242 1531 1371 1574; x_wconf 72' lang='grc' dir='ltr'><strong><em>αὖτὸν</em></strong></span> <span class='ocrx_word' id='word_1_183' title='bbox 1399 1532 1471 1574; x_wconf 79' lang='grc' dir='ltr'><strong><em>καί</em></strong></span> <span class='ocrx_word' id='word_1_184' title='bbox 1498 1530 1537 1573; x_wconf 84' lang='grc' dir='ltr'>οἱ</span> 
     </span>
    </p>
   </div>
   <div class='ocr_carea' id='block_1_9' title="bbox 77 1597 1538 1656">
    <p class='ocr_par' dir='ltr' id='par_1_9' title="bbox 77 1597 1538 1656">
     <span class='ocr_line' id='line_1_22' title="bbox 77 1597 1538 1656; baseline -0.003 -14"><span class='ocrx_word' id='word_1_185' title='bbox 77 1601 282 1651; x_wconf 78' lang='grc' dir='ltr'><strong><em>αὕθέντες</em></strong></span> <span class='ocrx_word' id='word_1_186' title='bbox 309 1601 383 1643; x_wconf 78' lang='grc' dir='ltr'>καί</span> <span class='ocrx_word' id='word_1_187' title='bbox 403 1601 441 1643; x_wconf 81' lang='grc' dir='ltr'>οἱ</span> <span class='ocrx_word' id='word_1_188' title='bbox 469 1597 670 1656; x_wconf 75' lang='grc' dir='ltr'><strong><em>ἄρχοντες</em></strong></span> <span class='ocrx_word' id='word_1_189' title='bbox 697 1602 770 1642; x_wconf 80' lang='grc' dir='ltr'>καί</span> <span class='ocrx_word' id='word_1_190' title='bbox 796 1600 818 1642; x_wconf 80' lang='grc' dir='ltr'><em>ὃ</em></span> <span class='ocrx_word' id='word_1_191' title='bbox 851 1600 1006 1653; x_wconf 88' lang='grc' dir='ltr'><strong><em>κόσμος</em></strong></span> <span class='ocrx_word' id='word_1_192' title='bbox 1028 1597 1122 1648; x_wconf 80' lang='grc' dir='ltr'><strong><em>ὅλος</em></strong></span> <span class='ocrx_word' id='word_1_193' title='bbox 1148 1597 1253 1653; x_wconf 83' lang='grc' dir='ltr'><strong><em>μετὰ</em></strong></span> <span class='ocrx_word' id='word_1_194' title='bbox 1285 1601 1440 1653; x_wconf 82' lang='grc' dir='ltr'><strong><em>πολλῆς</em></strong></span> <span class='ocrx_word' id='word_1_195' title='bbox 1469 1613 1538 1639; x_wconf 89' lang='grc' dir='ltr'><strong><em>τι-</em></strong></span> 
     </span>
    </p>
   </div>
   <div class='ocr_carea' id='block_1_10' title="bbox 76 1758 1540 2169">
    <p class='ocr_par' dir='ltr' id='par_1_10' title="bbox 76 1758 1540 2169">
     <span class='ocr_line' id='line_1_23' title="bbox 76 1758 1537 1808; baseline -0.003 -13"><span class='ocrx_word' id='word_1_196' title='bbox 76 1763 162 1808; x_wconf 82' lang='lat' dir='ltr'>puli.</span> <span class='ocrx_word' id='word_1_197' title='bbox 214 1761 373 1795; x_wconf 78' lang='lat' dir='ltr'>obtinuit</span> <span class='ocrx_word' id='word_1_198' title='bbox 406 1761 508 1794; x_wconf 85' lang='lat' dir='ltr'>illum</span> <span class='ocrx_word' id='word_1_199' title='bbox 546 1772 610 1806; x_wconf 90' lang='lat' dir='ltr'>per</span> <span class='ocrx_word' id='word_1_200' title='bbox 635 1771 767 1793; x_wconf 78' lang='lat' dir='ltr'>annum</span> <span class='ocrx_word' id='word_1_201' title='bbox 805 1771 927 1793; x_wconf 87' lang='lat' dir='ltr'>unum.</span> <span class='ocrx_word' id='word_1_202' title='bbox 961 1765 1037 1793; x_wconf 84' lang='lat' dir='ltr'>tum</span> <span class='ocrx_word' id='word_1_203' title='bbox 1073 1759 1240 1804; x_wconf 84' lang='lat' dir='ltr'>pluribus</span> <span class='ocrx_word' id='word_1_204' title='bbox 1267 1758 1537 1791; x_wconf 73' lang='lat' dir='ltr'>inimicitiarum</span> 
     </span>
     <span class='ocr_line' id='line_1_24' title="bbox 76 1805 1537 1853; baseline -0.003 -11"><span class='ocrx_word' id='word_1_205' title='bbox 76 1809 234 1853; x_wconf 76' lang='lat' dir='ltr'>gravium</span> <span class='ocrx_word' id='word_1_206' title='bbox 261 1809 375 1841; x_wconf 81' lang='lat' dir='ltr'>causis</span> <span class='ocrx_word' id='word_1_207' title='bbox 412 1820 430 1840; x_wconf 88' lang='lat' dir='ltr'>a</span> <span class='ocrx_word' id='word_1_208' title='bbox 457 1809 575 1853; x_wconf 88' lang='lat' dir='ltr'>priore</span> <span class='ocrx_word' id='word_1_209' title='bbox 616 1806 817 1852; x_wconf 80' lang='lat' dir='ltr'>patriarcha</span> <span class='ocrx_word' id='word_1_210' title='bbox 843 1807 998 1840; x_wconf 83' lang='lat' dir='ltr'>Maximo</span> <span class='ocrx_word' id='word_1_211' title='bbox 1036 1807 1153 1846; x_wconf 81' lang='lat' dir='ltr'>natis,</span> <span class='ocrx_word' id='word_1_212' title='bbox 1190 1817 1257 1839; x_wconf 88' lang='lat' dir='ltr'>nec</span> <span class='ocrx_word' id='word_1_213' title='bbox 1283 1817 1357 1838; x_wconf 87' lang='lat' dir='ltr'>non</span> <span class='ocrx_word' id='word_1_214' title='bbox 1383 1805 1428 1837; x_wconf 83' lang='lat' dir='ltr'>ab</span> <span class='ocrx_word' id='word_1_215' title='bbox 1457 1805 1537 1837; x_wconf 81' lang='lat' dir='ltr'>aliis</span> 
     </span>
     <span class='ocr_line' id='line_1_25' title="bbox 78 1851 1538 1901; baseline -0.004 -12"><span class='ocrx_word' id='word_1_216' title='bbox 78 1855 312 1901; x_wconf 79' lang='lat' dir='ltr'>pontificibus</span> <span class='ocrx_word' id='word_1_217' title='bbox 339 1855 580 1899; x_wconf 72' lang='lat' dir='ltr'>metropolitis</span> <span class='ocrx_word' id='word_1_218' title='bbox 605 1860 641 1887; x_wconf 85' lang='lat' dir='ltr'>et</span> <span class='ocrx_word' id='word_1_219' title='bbox 669 1854 865 1898; x_wconf 88' lang='lat' dir='ltr'>episcopis,</span> <span class='ocrx_word' id='word_1_220' title='bbox 909 1853 972 1899; x_wconf 92' lang='lat' dir='ltr'>qui</span> <span class='ocrx_word' id='word_1_221' title='bbox 1010 1852 1112 1886; x_wconf 84' lang='lat' dir='ltr'>nullo</span> <span class='ocrx_word' id='word_1_222' title='bbox 1141 1853 1249 1885; x_wconf 86' lang='lat' dir='ltr'>modo</span> <span class='ocrx_word' id='word_1_223' title='bbox 1277 1852 1369 1885; x_wconf 87' lang='lat' dir='ltr'>ferre</span> <span class='ocrx_word' id='word_1_224' title='bbox 1396 1851 1538 1896; x_wconf 76' lang='lat' dir='ltr'>Nipho·</span> 
     </span>
     <span class='ocr_line' id='line_1_26' title="bbox 76 1898 1538 1946; baseline -0.003 -11"><span class='ocrx_word' id='word_1_225' title='bbox 76 1914 159 1935; x_wconf 88' lang='lat' dir='ltr'>nem</span> <span class='ocrx_word' id='word_1_226' title='bbox 184 1902 376 1942; x_wconf 76' lang='lat' dir='ltr'>volebant,</span> <span class='ocrx_word' id='word_1_227' title='bbox 406 1903 535 1934; x_wconf 81' lang='lat' dir='ltr'>iterata</span> <span class='ocrx_word' id='word_1_228' title='bbox 561 1906 614 1934; x_wconf 80' lang='lat' dir='ltr'>est</span> <span class='ocrx_word' id='word_1_229' title='bbox 642 1901 752 1946; x_wconf 88' lang='lat' dir='ltr'>ipsius</span> <span class='ocrx_word' id='word_1_230' title='bbox 782 1911 801 1933; x_wconf 87' lang='lat' dir='ltr'>e</span> <span class='ocrx_word' id='word_1_231' title='bbox 826 1899 1064 1946; x_wconf 85' lang='lat' dir='ltr'>patriarchico</span> <span class='ocrx_word' id='word_1_232' title='bbox 1092 1900 1184 1932; x_wconf 87' lang='lat' dir='ltr'>solio</span> <span class='ocrx_word' id='word_1_233' title='bbox 1211 1898 1381 1932; x_wconf 85' lang='lat' dir='ltr'>deductio</span> <span class='ocrx_word' id='word_1_234' title='bbox 1411 1909 1538 1941; x_wconf 80' lang='lat' dir='ltr'>magna</span> 
     </span>
     <span class='ocr_line' id='line_1_27' title="bbox 77 1945 1539 1992; baseline -0.003 -11"><span class='ocrx_word' id='word_1_235' title='bbox 77 1960 158 1981; x_wconf 87' lang='lat' dir='ltr'>cum</span> <span class='ocrx_word' id='word_1_236' title='bbox 185 1950 384 1982; x_wconf 78' lang='lat' dir='ltr'>animorum</span> <span class='ocrx_word' id='word_1_237' title='bbox 408 1949 634 1987; x_wconf 76' lang='lat' dir='ltr'>confusione,</span> <span class='ocrx_word' id='word_1_238' title='bbox 659 1948 834 1980; x_wconf 80' lang='lat' dir='ltr'>ecclesiae</span> <span class='ocrx_word' id='word_1_239' title='bbox 869 1946 1143 1992; x_wconf 81' lang='lat' dir='ltr'>perturbatione</span> <span class='ocrx_word' id='word_1_240' title='bbox 1169 1946 1396 1991; x_wconf 81' lang='lat' dir='ltr'>aliorumque</span> <span class='ocrx_word' id='word_1_241' title='bbox 1423 1945 1539 1977; x_wconf 78' lang='lat' dir='ltr'>malo-</span> 
     </span>
     <span class='ocr_line' id='line_1_28' title="bbox 78 1991 1538 2036; baseline -0.003 -8"><span class='ocrx_word' id='word_1_242' title='bbox 78 2007 153 2028; x_wconf 83' lang='lat' dir='ltr'>rum</span> <span class='ocrx_word' id='word_1_243' title='bbox 180 1996 396 2028; x_wconf 80' lang='lat' dir='ltr'>incursione.</span> <span class='ocrx_word' id='word_1_244' title='bbox 446 1995 510 2027; x_wconf 87' lang='lat' dir='ltr'>illo</span> <span class='ocrx_word' id='word_1_245' title='bbox 537 1994 582 2026; x_wconf 88' lang='lat' dir='ltr'>ad</span> <span class='ocrx_word' id='word_1_246' title='bbox 609 1994 704 2026; x_wconf 86' lang='lat' dir='ltr'>hunc</span> <span class='ocrx_word' id='word_1_247' title='bbox 728 1994 874 2026; x_wconf 90' lang='lat' dir='ltr'>modum</span> <span class='ocrx_word' id='word_1_248' title='bbox 900 1999 1024 2027; x_wconf 79' lang='lat' dir='ltr'>exacto</span> <span class='ocrx_word' id='word_1_249' title='bbox 1053 1999 1088 2026; x_wconf 88' lang='lat' dir='ltr'>et</span> <span class='ocrx_word' id='word_1_250' title='bbox 1117 1993 1295 2036; x_wconf 80' lang='lat' dir='ltr'>relegato,</span> <span class='ocrx_word' id='word_1_251' title='bbox 1322 1997 1443 2025; x_wconf 82' lang='lat' dir='ltr'>coacta</span> <span class='ocrx_word' id='word_1_252' title='bbox 1470 1991 1538 2023; x_wconf 87' lang='lat' dir='ltr'>de-</span> 
     </span>
     <span class='ocr_line' id='line_1_29' title="bbox 77 2038 1540 2086; baseline -0.003 -12"><span class='ocrx_word' id='word_1_253' title='bbox 77 2054 150 2075; x_wconf 88' lang='lat' dir='ltr'>nuo</span> <span class='ocrx_word' id='word_1_254' title='bbox 176 2042 314 2085; x_wconf 70' lang='lat' dir='ltr'>synodo</span> <span class='ocrx_word' id='word_1_255' title='bbox 342 2041 386 2074; x_wconf 91' lang='lat' dir='ltr'>de</span> <span class='ocrx_word' id='word_1_256' title='bbox 413 2042 485 2074; x_wconf 84' lang='lat' dir='ltr'>alio</span> <span class='ocrx_word' id='word_1_257' title='bbox 511 2041 712 2086; x_wconf 80' lang='lat' dir='ltr'>patriarcha</span> <span class='ocrx_word' id='word_1_258' title='bbox 737 2040 956 2084; x_wconf 79' lang='lat' dir='ltr'>surrogando</span> <span class='ocrx_word' id='word_1_259' title='bbox 985 2040 1226 2073; x_wconf 82' lang='lat' dir='ltr'>consultatum</span> <span class='ocrx_word' id='word_1_260' title='bbox 1258 2044 1324 2078; x_wconf 84' lang='lat' dir='ltr'>est,</span> <span class='ocrx_word' id='word_1_261' title='bbox 1350 2049 1391 2071; x_wconf 79' lang='lat' dir='ltr'>ac</span> <span class='ocrx_word' id='word_1_262' title='bbox 1416 2038 1540 2070; x_wconf 77' lang='lat' dir='ltr'>multis</span> 
     </span>
     <span class='ocr_line' id='line_1_30' title="bbox 78 2085 1538 2133; baseline -0.003 -12"><span class='ocrx_word' id='word_1_263' title='bbox 78 2099 98 2121; x_wconf 85' lang='lat' dir='ltr'>e</span> <span class='ocrx_word' id='word_1_264' title='bbox 137 2089 348 2133; x_wconf 83' lang='lat' dir='ltr'>pontificum</span> <span class='ocrx_word' id='word_1_265' title='bbox 385 2098 535 2121; x_wconf 85' lang='lat' dir='ltr'>numero</span> <span class='ocrx_word' id='word_1_266' title='bbox 567 2087 759 2121; x_wconf 81' lang='lat' dir='ltr'>nominatis</span> <span class='ocrx_word' id='word_1_267' title='bbox 801 2087 947 2121; x_wconf 81' lang='lat' dir='ltr'>tandem</span> <span class='ocrx_word' id='word_1_268' title='bbox 981 2098 1052 2120; x_wconf 85' lang='lat' dir='ltr'>una</span> <span class='ocrx_word' id='word_1_269' title='bbox 1086 2097 1173 2120; x_wconf 87' lang='lat' dir='ltr'>voce</span> <span class='ocrx_word' id='word_1_270' title='bbox 1214 2086 1348 2118; x_wconf 76' lang='lat' dir='ltr'>electus</span> <span class='ocrx_word' id='word_1_271' title='bbox 1388 2085 1538 2118; x_wconf 75' lang='lat' dir='ltr'>Dramas</span> 
     </span>
     <span class='ocr_line' id='line_1_31' title="bbox 77 2138 237 2169; baseline 0 -2"><span class='ocrx_word' id='word_1_272' title='bbox 77 2138 237 2169; x_wconf 75' lang='lat' dir='ltr'>antistes.</span> 
     </span>
    </p>
   </div>
   <div class='ocr_carea' id='block_1_11' title="bbox 334 2226 1270 2272">
    <p class='ocr_par' dir='ltr' id='par_1_11' title="bbox 334 2226 1270 2272">
     <span class='ocr_line' id='line_1_32' title="bbox 334 2226 1270 2272; baseline -0.005 -10"><span class='ocrx_word' id='word_1_273' title='bbox 334 2229 441 2264; x_wconf 78' lang='lat' dir='ltr'><strong>,xlv.</strong></span> <span class='ocrx_word' id='word_1_274' title='bbox 489 2229 524 2262; x_wconf 82' lang='lat' dir='ltr'>P.</span> <span class='ocrx_word' id='word_1_275' title='bbox 553 2228 822 2268; x_wconf 78' lang='lat' dir='ltr'>lOACHIMUS‚</span> <span class='ocrx_word' id='word_1_276' title='bbox 847 2227 999 2260; x_wconf 77' lang='lat' dir='ltr'>Dramae</span> <span class='ocrx_word' id='word_1_277' title='bbox 1026 2226 1270 2272; x_wconf 79' lang='lat' dir='ltr'>metropolita.</span> 
     </span>
    </p>
   </div>
   <div class='ocr_carea' id='block_1_12' title="bbox 78 2302 1542 2679">
    <p class='ocr_par' dir='ltr' id='par_1_12' title="bbox 78 2302 1542 2679">
     <span class='ocr_line' id='line_1_33' title="bbox 179 2302 1539 2356; baseline -0.004 -16"><span class='ocrx_word' id='word_1_278' title='bbox 179 2307 364 2340; x_wconf 74' lang='lat' dir='ltr'>Electione</span> <span class='ocrx_word' id='word_1_279' title='bbox 389 2307 495 2340; x_wconf 86' lang='lat' dir='ltr'>huius</span> <span class='ocrx_word' id='word_1_280' title='bbox 520 2307 611 2340; x_wconf 85' lang='lat' dir='ltr'>facta</span> <span class='ocrx_word' id='word_1_281' title='bbox 636 2306 681 2339; x_wconf 86' lang='lat' dir='ltr'>ad</span> <span class='ocrx_word' id='word_1_282' title='bbox 708 2306 871 2356; x_wconf 79' lang='lat' dir='ltr'>suffragia</span> <span class='ocrx_word' id='word_1_283' title='bbox 904 2305 1099 2339; x_wconf 85' lang='lat' dir='ltr'>secundum</span> <span class='ocrx_word' id='word_1_284' title='bbox 1124 2302 1420 2336; x_wconf 83' lang='lat' dir='ltr'>consuetudinem</span> <span class='ocrx_word' id='word_1_285' title='bbox 1449 2303 1539 2336; x_wconf 87' lang='lat' dir='ltr'>itum</span> 
     </span>
     <span class='ocr_line' id='line_1_34' title="bbox 80 2349 1539 2399; baseline -0.004 -12"><span class='ocrx_word' id='word_1_286' title='bbox 80 2360 145 2388; x_wconf 84' lang='lat' dir='ltr'>est.</span> <span class='ocrx_word' id='word_1_287' title='bbox 195 2359 341 2399; x_wconf 84' lang='lat' dir='ltr'>accepta</span> <span class='ocrx_word' id='word_1_288' title='bbox 366 2354 519 2398; x_wconf 82' lang='lat' dir='ltr'>proinde</span> <span class='ocrx_word' id='word_1_289' title='bbox 546 2358 582 2386; x_wconf 84' lang='lat' dir='ltr'>et</span> <span class='ocrx_word' id='word_1_290' title='bbox 608 2354 746 2386; x_wconf 89' lang='lat' dir='ltr'>minore</span> <span class='ocrx_word' id='word_1_291' title='bbox 773 2358 810 2386; x_wconf 83' lang='lat' dir='ltr'>et</span> <span class='ocrx_word' id='word_1_292' title='bbox 834 2353 968 2386; x_wconf 81' lang='lat' dir='ltr'>maiore</span> <span class='ocrx_word' id='word_1_293' title='bbox 993 2353 1070 2385; x_wconf 88' lang='lat' dir='ltr'>eius</span> <span class='ocrx_word' id='word_1_294' title='bbox 1097 2351 1146 2383; x_wconf 83' lang='lat' dir='ltr'>rei</span> <span class='ocrx_word' id='word_1_295' title='bbox 1174 2349 1396 2383; x_wconf 73' lang='lat' dir='ltr'>indicatione</span> <span class='ocrx_word' id='word_1_296' title='bbox 1423 2361 1539 2394; x_wconf 81' lang='lat' dir='ltr'>augu-</span> 
     </span>
     <span class='ocr_line' id='line_1_35' title="bbox 78 2396 1540 2444; baseline -0.003 -11"><span class='ocrx_word' id='word_1_297' title='bbox 78 2401 267 2434; x_wconf 77' lang='lat' dir='ltr'>stissimam</span> <span class='ocrx_word' id='word_1_298' title='bbox 296 2400 417 2432; x_wconf 74' lang='lat' dir='ltr'>sedem</span> <span class='ocrx_word' id='word_1_299' title='bbox 446 2400 552 2444; x_wconf 75' lang='lat' dir='ltr'>cepit.</span> <span class='ocrx_word' id='word_1_300' title='bbox 603 2405 679 2433; x_wconf 85' lang='lat' dir='ltr'>erat</span> <span class='ocrx_word' id='word_1_301' title='bbox 705 2399 765 2432; x_wconf 90' lang='lat' dir='ltr'>hic</span> <span class='ocrx_word' id='word_1_302' title='bbox 789 2405 908 2433; x_wconf 80' lang='lat' dir='ltr'>aetate</span> <span class='ocrx_word' id='word_1_303' title='bbox 933 2399 1077 2444; x_wconf 85' lang='lat' dir='ltr'>quidem</span> <span class='ocrx_word' id='word_1_304' title='bbox 1103 2398 1255 2435; x_wconf 84' lang='lat' dir='ltr'>iuvenis,</span> <span class='ocrx_word' id='word_1_305' title='bbox 1283 2407 1349 2429; x_wconf 88' lang='lat' dir='ltr'>nec</span> <span class='ocrx_word' id='word_1_306' title='bbox 1376 2396 1540 2430; x_wconf 79' lang='lat' dir='ltr'>doctrina</span> 
     </span>
     <span class='ocr_line' id='line_1_36' title="bbox 80 2444 1540 2492; baseline -0.002 -13"><span class='ocrx_word' id='word_1_307' title='bbox 80 2448 272 2492; x_wconf 81' lang='lat' dir='ltr'>expolitus,</span> <span class='ocrx_word' id='word_1_308' title='bbox 297 2458 420 2479; x_wconf 82' lang='lat' dir='ltr'>ve-rum</span> <span class='ocrx_word' id='word_1_309' title='bbox 449 2446 697 2479; x_wconf 79' lang='lat' dir='ltr'>ecclesiasticis</span> <span class='ocrx_word' id='word_1_310' title='bbox 725 2446 830 2479; x_wconf 79' lang='lat' dir='ltr'>rebus</span> <span class='ocrx_word' id='word_1_311' title='bbox 848 2446 1027 2491; x_wconf 84' lang='lat' dir='ltr'>perutilis,</span> <span class='ocrx_word' id='word_1_312' title='bbox 1051 2445 1182 2476; x_wconf 85' lang='lat' dir='ltr'>virtute</span> <span class='ocrx_word' id='word_1_313' title='bbox 1210 2444 1435 2488; x_wconf 81' lang='lat' dir='ltr'>conspicuus,</span> <span class='ocrx_word' id='word_1_314' title='bbox 1461 2445 1540 2477; x_wconf 83' lang='lat' dir='ltr'>ani·</span> 
     </span>
     <span class='ocr_line' id='line_1_37' title="bbox 82 2490 1542 2538; baseline -0.003 -12"><span class='ocrx_word' id='word_1_315' title='bbox 82 2505 140 2526; x_wconf 87' lang='lat' dir='ltr'>mo</span> <span class='ocrx_word' id='word_1_316' title='bbox 171 2493 375 2526; x_wconf 83' lang='lat' dir='ltr'>submissus·</span> <span class='ocrx_word' id='word_1_317' title='bbox 428 2499 573 2538; x_wconf 83' lang='lat' dir='ltr'>propter</span> <span class='ocrx_word' id='word_1_318' title='bbox 594 2492 798 2526; x_wconf 86' lang='lat' dir='ltr'>huiusmodi</span> <span class='ocrx_word' id='word_1_319' title='bbox 823 2493 931 2524; x_wconf 80' lang='lat' dir='ltr'>animi</span> <span class='ocrx_word' id='word_1_320' title='bbox 959 2491 1119 2524; x_wconf 84' lang='lat' dir='ltr'>indolem</span> <span class='ocrx_word' id='word_1_321' title='bbox 1148 2501 1247 2522; x_wconf 83' lang='lat' dir='ltr'>carus</span> <span class='ocrx_word' id='word_1_322' title='bbox 1272 2490 1439 2523; x_wconf 70' lang='lat' dir='ltr'>omnibus</span> <span class='ocrx_word' id='word_1_323' title='bbox 1471 2491 1542 2523; x_wconf 83' lang='lat' dir='ltr'>suit</span> 
     </span>
     <span class='ocr_line' id='line_1_38' title="bbox 80 2536 1540 2582; baseline -0.001 -10"><span class='ocrx_word' id='word_1_324' title='bbox 80 2547 117 2573; x_wconf 80' lang='lat' dir='ltr'>et</span> <span class='ocrx_word' id='word_1_325' title='bbox 140 2541 338 2573; x_wconf 76' lang='lat' dir='ltr'>consecrati</span> <span class='ocrx_word' id='word_1_326' title='bbox 365 2545 402 2572; x_wconf 87' lang='lat' dir='ltr'>et</span> <span class='ocrx_word' id='word_1_327' title='bbox 423 2540 539 2572; x_wconf 80' lang='lat' dir='ltr'>civilis</span> <span class='ocrx_word' id='word_1_328' title='bbox 565 2539 714 2572; x_wconf 81' lang='lat' dir='ltr'>ordinis.</span> <span class='ocrx_word' id='word_1_329' title='bbox 777 2539 965 2572; x_wconf 85' lang='lat' dir='ltr'>consilium</span> <span class='ocrx_word' id='word_1_330' title='bbox 995 2537 1125 2569; x_wconf 83' lang='lat' dir='ltr'>deinde</span> <span class='ocrx_word' id='word_1_331' title='bbox 1161 2538 1258 2581; x_wconf 80' lang='lat' dir='ltr'>cepit</span> <span class='ocrx_word' id='word_1_332' title='bbox 1291 2536 1540 2582; x_wconf 84' lang='lat' dir='ltr'>proficiscendi</span> 
     </span>
     <span class='ocr_line' id='line_1_39' title="bbox 82 2582 1539 2631; baseline -0.003 -12"><span class='ocrx_word' id='word_1_333' title='bbox 82 2589 118 2620; x_wconf 87' lang='lat' dir='ltr'>in</span> <span class='ocrx_word' id='word_1_334' title='bbox 144 2587 307 2627; x_wconf 73' lang='lat' dir='ltr'>iberiam,</span> <span class='ocrx_word' id='word_1_335' title='bbox 333 2592 371 2619; x_wconf 85' lang='lat' dir='ltr'>ut</span> <span class='ocrx_word' id='word_1_336' title='bbox 398 2597 520 2631; x_wconf 81' lang='lat' dir='ltr'>preces</span> <span class='ocrx_word' id='word_1_337' title='bbox 547 2591 584 2619; x_wconf 86' lang='lat' dir='ltr'>et</span> <span class='ocrx_word' id='word_1_338' title='bbox 611 2585 899 2619; x_wconf 82' lang='lat' dir='ltr'>benedictionem</span> <span class='ocrx_word' id='word_1_339' title='bbox 933 2582 1157 2629; x_wconf 76' lang='lat' dir='ltr'>principibus</span> <span class='ocrx_word' id='word_1_340' title='bbox 1184 2584 1341 2627; x_wconf 80' lang='lat' dir='ltr'>regionis</span> <span class='ocrx_word' id='word_1_341' title='bbox 1368 2584 1539 2628; x_wconf 86' lang='lat' dir='ltr'>omnique</span> 
     </span>
     <span class='ocr_line' id='line_1_40' title="bbox 82 2630 1541 2679; baseline -0.001 -14"><span class='ocrx_word' id='word_1_342' title='bbox 82 2633 217 2679; x_wconf 79' lang='lat' dir='ltr'>populo</span> <span class='ocrx_word' id='word_1_343' title='bbox 247 2634 501 2678; x_wconf 83' lang='lat' dir='ltr'>impertiretur.</span> <span class='ocrx_word' id='word_1_344' title='bbox 553 2643 625 2678; x_wconf 89' lang='lat' dir='ltr'>quo</span> <span class='ocrx_word' id='word_1_345' title='bbox 651 2633 835 2678; x_wconf 79' lang='lat' dir='ltr'>profectus</span> <span class='ocrx_word' id='word_1_346' title='bbox 871 2635 1041 2676; x_wconf 77' lang='lat' dir='ltr'>exceptus</span> <span class='ocrx_word' id='word_1_347' title='bbox 1069 2635 1123 2663; x_wconf 83' lang='lat' dir='ltr'>est</span> <span class='ocrx_word' id='word_1_348' title='bbox 1153 2635 1190 2664; x_wconf 88' lang='lat' dir='ltr'>et</span> <span class='ocrx_word' id='word_1_349' title='bbox 1213 2641 1233 2663; x_wconf 80' lang='lat' dir='ltr'>a</span> <span class='ocrx_word' id='word_1_350' title='bbox 1257 2630 1475 2677; x_wconf 73' lang='lat' dir='ltr'>primoribus</span> <span class='ocrx_word' id='word_1_351' title='bbox 1502 2635 1541 2663; x_wconf 85' lang='lat' dir='ltr'>et</span> 
     </span>
    </p>
   </div>
  </div>
 </body>
</html>
