1754 3016
698 635 809 700 v1.
833 633 888 713 ·)

175 784 229 835 Οἱ
241 791 339 832 θεοῖ
362 790 436 838 τὰς
453 788 683 844 ἐπιβουλὰς
704 789 856 844 αὐτῶν,
887 790 961 830 καὶ
984 788 1129 842 μέλλει
1152 785 1204 830 νά
1233 789 1527 832 κατακαύσουν

0 849 14 874 '¹
60 855 159 908 τούς
184 857 342 906 τόπους
365 853 550 905 ἐκείνους
582 855 654 897 καί
677 855 778 905 τούς
802 852 1055 910 ἀνθρώπους
1071 871 1083 882 ·
1140 855 1234 897 ἄλλ’
1261 855 1384 911 ἡμεῖς
1415 853 1527 912 ῥήχ-

0 924 3 934 “
59 940 196 974 rorte:
224 925 285 972 εἷς
311 921 359 964 τὸ
390 927 587 976 μαντεῖον
621 924 699 964 τοῦ
725 920 1005 974 Ἀπόλλωνος,
1033 919 1129 977 ἔτζη
1155 923 1242 974 μᾶς
1270 923 1439 974 ἐδίδαξε
1471 923 1524 966 roi

61 992 264 1048 φύγωμεν
299 992 459 1045 ἐκείνην
496 988 575 1045 τὴν
610 989 762 1044 ὀργήν·
833 988 908 1030 καί
943 987 1092 1041 ἔχομεν
1118 987 1281 1045 βοηθὸν
1316 989 1392 1031 τὸν
1421 989 1525 1033 θεὸν

0 1053 134 1102 ³5er
162 1060 294 1101 nara
309 1088 324 1107 ‚
354 1054 400 1106 ὃς
426 1053 700 1113 ἑρμηνεύεται
726 1055 824 1106 θεὸς
853 1058 937 1098 τῶν
977 1054 1158 1098 πάντων.
1215 1056 1288 1098 καὶ
1315 1055 1526 1100 ἀκούσαν-

58 1141 127 1175 τες
158 1122 199 1168 οἶ
224 1127 270 1168 ἐν
301 1126 456 1181 Τρίκκῃ
486 1122 602 1179 παρὰ
633 1125 709 1166 τοῦ
732 1119 965 1189 ”Arianae
984 1124 1119 1165 ταῦτα
1140 1123 1355 1179 ἐχάρησαν
1382 1123 1526 1180 χαρᾰν

57 1190 255 1248 μεγάλην,
283 1194 359 1234 καί
386 1191 619 1248 ἒφίλευσαν
650 1189 807 1240 αὐτοῦς
838 1190 1120 1246 φιλοφρόνως.
1179 1190 1251 1233 καί
1276 1193 1524 1245 περναὶνῐων

57 1258 103 1302 τὸ
131 1259 301 1301 Πίνδου
332 1253 431 1312 ὅρος
456 1253 588 1313 ἦλθεν
614 1254 634 1298 ὃ
661 1257 781 1311 λόγος
810 1257 869 1306 εἷς
897 1255 972 1298 τὸν
999 1257 1298 1312 Δαμάστριον,
1328 1260 1524 1309 ἐξουσια-

0 1339 2 1342 ·
59 1322 163 1381 στῆν
190 1326 266 1380 τῆς
291 1325 508 1380 Ἠπείρου,
538 1326 612 1366 καί
641 1322 862 1376 ἐθαύμαζε
878 1322 966 1372 πῶς
991 1322 1067 1365 καί
1091 1323 1132 1365 τί
1156 1326 1300 1377 μέλλει
1327 1325 1380 1366 υὰ
1409 1325 1523 1382 κάμῃ

0 1389 182 1438 ἰοτόσον
210 1388 400 1447 πλῆθος,
438 1391 510 1433 καί
535 1388 666 1433 ἔδωκε’
691 1404 790 1439 τους
826 1392 1035 1445 στράταν,
1074 1389 1148 1432 καὶ
1188 1389 1420 1447 ἕδιάβησαν
1447 1388 1521 1432 διαὶ

101 1533 135 1582 ⁶)
151 1512 416 1578 Fragmentum]
443 1531 542 1578 quod
567 1532 730 1578 sequitur
754 1531 976 1572 historicum,
1001 1530 1122 1565 datum
1137 1531 1222 1564 mihi
1241 1537 1296 1566 est
1312 1543 1407 1566 anno
1429 1532 1522 1569 1806

149 1579 195 1613 ab
213 1581 384 1626 episcopo
399 1579 631 1624 Drynopolis,
657 1589 767 1624 quum
785 1579 822 1612 in
834 1578 1118 1623 Angeio-Castro
1132 1589 1299 1612 morarer.
1323 1581 1523 1614 manuscri-

147 1633 261 1673 ptum,
277 1627 507 1672 complexens
519 1626 646 1671 viginti
662 1627 811 1672 paginas
823 1628 986 1671 scriptas,
998 1637 1105 1670 parva
1118 1625 1234 1660 forma
1248 1632 1388 1672 quarta,
1401 1639 1522 1675 neque

148 1676 293 1709 initium
308 1674 466 1707 habebat
482 1685 602 1720 neque
617 1673 735 1706 finem.
752 1672 890 1719 POUQ.
917 1672 1012 1706 idem
1026 1672 1152 1718 p.357:
1175 1675 1398 1720 scriptorem,
1413 1686 1521 1720 quem

148 1722 252 1763 verti,
272 1733 315 1756 ex
328 1722 413 1756 stilo
430 1721 609 1754 coniicere
628 1731 694 1754 nos
711 1721 810 1761 sinit,
826 1721 1007 1766 scripsisse
1030 1732 1111 1754 eum
1126 1721 1276 1755 ineunte
1292 1721 1367 1755 fere
1381 1721 1522 1757 decimo

149 1770 304 1814 septimo
352 1768 517 1809 saeculo,
557 1774 595 1801 et
633 1777 723 1813 opus
756 1769 833 1801 eius
871 1768 1206 1813 interpretationem
1242 1780 1319 1802 esse
1361 1780 1522 1813 graecam

147 1817 327 1861 vulgarem
354 1827 399 1850 ex
423 1816 698 1861 manuscriptis,
736 1826 829 1860 quae
855 1816 1085 1858 ignoramus,
1124 1821 1160 1849 et
1184 1827 1228 1849 ex
1253 1816 1521 1859 traditionibus,

150 1875 243 1910 qnae
268 1862 366 1910 apud
393 1863 524 1896 Bardos
549 1863 623 1896 sive
651 1868 840 1896 montanos
862 1863 1037 1896 Albaniae
1066 1863 1161 1897 altae
1187 1864 1428 1908 reperiuntur,
1455 1864 1520 1898 ubi

149 1917 190 1945 ut
215 1910 313 1958 apud
337 1911 487 1944 rusticos
515 1910 671 1950 scotiae,
697 1909 924 1943 heroicorum
950 1915 1149 1956 temporum
1176 1910 1326 1944 historia
1363 1912 1399 1944 in
1438 1923 1519 1945 car.

149 1959 307 1992 minibus
345 1956 583 2004 popularibus
620 1963 759 1990 servata
797 1962 863 1990 est.
915 1957 1238 2003 Chronographus‚
1274 1959 1382 2002 plane
1418 1959 1518 1993 rudis

151 2007 317 2047 criticae,
347 2005 441 2039 nihil
478 2004 655 2050 quaesivit
679 2004 746 2036 nisi
785 2003 884 2049 quod
911 2004 1024 2050 ipsius
1062 2005 1312 2050 imaginationi
1337 2006 1519 2051 placebat,

152 2058 189 2087 et
215 2052 260 2086 (le
285 2051 418 2086 rabulis
442 2063 549 2098 quam
572 2052 722 2084 maxime
757 2052 890 2096 ineptis
918 2057 1063 2097 peccata
1102 2054 1139 2086 in
1171 2053 1341 2097 temporis
1376 2054 1515 2088 ratione

151 2101 403 2140 accumulans,
445 2099 607 2133 ordinem
633 2098 927 2143 chronologicum
969 2099 1183 2145 posthabuit
1208 2100 1381 2134 insolenti
1407 2101 1518 2135 amori

151 2158 266 2181 rernm
291 2146 528 2181 mirificarum.

738 2279 848 2343 Vl.

193 2434 258 2466 Dei
284 2433 434 2466 consilia
461 2443 607 2473 eorum,
649 2437 685 2465 et
716 2438 936 2466 crematurus
969 2438 1044 2466 erat
1078 2433 1157 2466 loca
1183 2437 1220 2466 et
1245 2432 1430 2473 homines,
1455 2434 1517 2468 sed

60 2492 125 2514 nos
151 2491 339 2513 conversos
365 2480 408 2512 ad
436 2480 618 2512 oraculum
635 2480 812 2524 Apollinis
837 2479 901 2513 ille
928 2479 1085 2515 edocuit.
1110 2479 1293 2526 quomodo
1314 2481 1399 2514 iram
1417 2481 1516 2514 illam

59 2529 261 2567 vitaremus,
289 2533 325 2561 et
350 2527 484 2560 auxilio
512 2525 739 2560 adhibuimus
768 2527 873 2559 ‹leum
904 2527 1008 2567 Pana,
1035 2527 1097 2571 qui
1124 2526 1255 2560 dicitur
1283 2526 1371 2561 deus
1398 2539 1515 2562 rerum

60 2575 231 2608 omnium.
280 2573 378 2620 quod
403 2585 483 2606 cum
510 2573 732 2608 audivissent
757 2585 801 2606 ex
830 2572 974 2607 Atlante
1001 2573 1148 2607 Triccae
1174 2574 1335 2615 incolae,
1364 2586 1515 2619 magno-

59 2631 143 2667 pere
169 2623 279 2667 gavisi
305 2626 409 2660 sunt,
434 2630 569 2667 eosque
593 2621 802 2655 amicissime
829 2626 1066 2665 exceperunt,
1095 2632 1245 2667 cumque
1270 2622 1323 2655 illi
1360 2622 1512 2656 Pindum

57 2674 215 2703 montem
244 2673 464 2715 superarent,
494 2668 644 2702 relatum
671 2676 724 2703 est
750 2668 795 2701 ad
820 2665 1076 2709 Damam-sum,
1103 2669 1300 2714 principem
1329 2668 1447 2715 Epiri,
1475 2675 1511 2703 et

58 2716 226 2760 miratus,
270 2715 356 2763 quid
380 2715 577 2751 multitudo
603 2720 703 2752 tanta
728 2720 822 2750 esset
845 2719 989 2757 actura,
1016 2717 1084 2750 iter
1109 2716 1152 2750 iis
1176 2717 1375 2759 concessit,
1410 2717 1508 2763 (nam
