1754 3016
645 97 917 142 POLlTlCA.
1446 98 1469 140 1
1478 93 1505 141 7

50 202 196 262 ἄγριος
224 206 328 249 κατα
370 209 443 262 τῆς
471 206 653 260 πόλεως,
691 206 797 259 μετὰ
828 206 1019 262 πλήθους
1046 209 1360 264 α’ναριθμήτου,
1391 207 1437 251 ἔκ
1461 224 1510 251 τε

49 276 127 330 γῆς
158 276 232 316 καί
263 271 493 328 θαλάσσης.
562 274 634 315 καὶ
672 274 745 328 τὴν
784 276 864 327 μὲν
889 277 967 329 γῆν
1004 275 1247 330 ἐπλήρωσεν
1273 274 1508 328 ἀνθρώπων

49 343 123 382 καί
147 341 303 394 ἳππων,
332 339 409 394 τὴν
437 341 494 380 δὲ’
510 339 733 381 θάλασσαν
759 340 831 382 διὰ
870 343 958 382 τῶν
987 343 1160 394 μακρῶν
1188 342 1312 396 νηῶν,
1341 342 1510 396 πληρω-

47 420 194 454 σαντες
225 405 301 447 καί
326 403 481 452 ταύτας
513 404 766 459 ἀνθρώπους
809 404 855 446 ἐκ
882 408 967 447 τῶν
994 408 1149 460 χωρῶν
1176 409 1252 449 τοῦ
1280 409 1505 460 βασιλέως,

11 473 127 517 5τοῦ
150 474 309 526 μέρους
337 473 413 512 τοῦ
440 470 628 521 Πόντου,
658 471 732 529 βίᾳ
759 473 972 524 ἐμβαίνειν
1000 471 1317 525 ἀναγκάζοντες.

157 539 529 591 Παραγενομένων
558 538 604 579 δὲ
631 539 714 578 τῶν
745 540 871 591 νηῶν,
898 539 1125 580 ἐκωλύοντο
1155 537 1238 579 ὑπὸ
1269 544 1343 593 τῆς
1370 540 1507 592 μεγά-

47 607 120 658 λης
149 600 311 645 α’λύσου
341 605 414 658 τῆς
442 600 690 658 ἧπλωμένης
717 602 800 644 αἠὁ
834 606 873 646 Γ
870 607 1008 646 αλατᾶ
1036 598 1140 658 ἄχρι
1152 606 1392 655 Βυζαντίου
1420 606 1507 648 εἰσ-

45 671 187 710 ελθεῖν
209 667 323 719 ἐντὸς
353 672 429 710 τοῦ
458 673 634 722 λιμένος.
690 667 893 724 ἐποίησαν
921 664 998 712 οὖν
1028 669 1291 725 κατασκευήν
1321 673 1416 712 οἵαν
1441 673 1506 714 εἰ·-

44 735 117 783 κός
144 734 371 786 θαυμάσαι
416 734 489 776 καί
526 737 796 790 ἐκπλαγῆναι.
860 735 1117 784 πετάσαντες
1161 737 1245 790 γὰρ
1282 737 1427 778 αὐτῶν
1450 736 1501 779 ni

0 809 33 843 [0
44 798 157 843 ἱστία
189 802 262 841 καί
287 802 432 849 θέντες
459 800 656 841 ὑποκάτω
686 801 860 855 τρόπας,
888 801 962 842 καί
985 796 1120 849 ἇλλας
1146 801 1394 856 ποιήσαντες
1421 819 1504 856 μη-

41 863 193 918 χανάς,
223 864 374 918 ἔσυρον
419 864 555 915 αὐτας
582 864 720 908 ἐπάνω
748 870 821 920 τῆς
850 869 1030 920 χέρσου,
1073 867 1228 922 πλήθει
1257 871 1367 908 λαοῦ
1394 874 1503 910 πολ-

43 933 134 984 λοῦ,
161 930 492 985 ἀναβιβάσαντες
518 932 592 972 καί
615 931 948 985 διαπεράσαντες
980 931 1122 975 ἐπάνω
1146 936 1229 975 τῶν
1255 933 1504 986 ὕψωμάτων

41 998 115 1037 καί
144 997 282 1038 τόπων
308 999 384 1039 τοῦ
406 999 595 1050 Γαλατᾶ,
623 997 727 1050 μετὰ
748 998 978 1050 τυμποίιων
1006 1001 1080 1039 καί
1093 1002 1334 1053 σαλπίγγων
1362 1001 1503 1042 ἕλκον-

41 1077 119 1111 τες.
164 1063 444 1115 κατεβίβασαν
491 1064 536 1103 ὃὲ
567 1063 703 1111 αὐτὰς
732 1065 958 1116 α’ντίπεραν
996 1065 1056 1112 εἰς
1094 1064 1143 1105 τιὶ
1184 1068 1340 1118 γλυκέα
1383 1063 1499 1118 νερά.

0 1139 28 1172 ,5
43 1130 117 1170 καί
143 1124 278 1177 οὕτως
306 1127 555 1181 ἐκυρίευσαν
582 1132 658 1170 τοῦ
674 1131 855 1180 λιμένος.
911 1126 1000 1172 εἶτα
1019 1132 1219 1184 ἐποίησαν
1247 1131 1374 1172 πάλιν
1393 1130 1501 1173 σκά-

41 1199 119 1243 λας
146 1193 256 1245 μετοὶ
287 1196 494 1246 βουτζίων
525 1195 599 1235 καί
625 1196 831 1246 σανίδων,
863 1197 938 1236 καί
964 1195 1132 1250 ἔδησαν,
1164 1191 1266 1251 ἄχρι
1294 1198 1501 1251 ξυλοπόρ-

39 1275 141 1308 τας·
170 1261 245 1300 καί
274 1255 384 1300 οὕτω
411 1260 745 1315 παντοιοτρὸπως
775 1261 1128 1316 περιεκύκλωσαν,
1165 1259 1222 1311 ὥς
1250 1263 1371 1311 κύνες
1398 1267 1498 1305 πολ-

39 1328 117 1382 λοί,
146 1326 223 1379 τὴν
249 1328 497 1378 θαυμασίαν
526 1327 662 1378 πόλιν,
694 1330 768 1368 καί
786 1326 1107 1382 ἑστενοχώρουν.

153 1393 538 1445 Παρακαθημένων
581 1387 657 1432 οὖν
689 1391 820 1447 αὐτὴν
857 1397 931 1435 καί
961 1392 1293 1447 πολιορκούντων
1320 1394 1395 1436 καί
1419 1411 1498 1436 πο-

0 1469 28 1502 to
42 1458 278 1517 leupv'vroev
325 1456 407 1498 ἀπό
437 1473 482 1498 τε
515 1460 644 1512 ξηρᾶς
670 1459 742 1500 καί
769 1459 991 1514 θαλάσσης
1020 1460 1205 1512 ἐχάλασε
1233 1462 1307 1502 καί
1331 1463 1500 1515 τείχους

38 1525 166 1578 μέρος
192 1521 299 1576 μετὰ
328 1525 399 1578 τῆς
424 1523 607 1579 μεγάλης
638 1528 809 1580 σκευῆς,
843 1525 925 1566 aad
960 1529 1032 1580 τῆς
1062 1526 1194 1581 πύλης
1222 1528 1296 1581 τῆς
1326 1530 1498 1581 λεγομέ-

37 1695 239 1736 constituit,
266 1695 326 1728 diu
351 1696 591 1730 simulationis
615 1697 801 1730 involucro
829 1703 866 1731 et
891 1697 1014 1730 umbra
1041 1697 1113 1742 tegi
1139 1709 1213 1731 non
1239 1702 1369 1743 potest.
1391 1708 1491 1731 com-

36 1743 148 1775 movit
170 1743 280 1786 igitur
305 1742 429 1776 eodem
454 1755 491 1776 se
533 1755 627 1777 anno
657 1755 720 1777 ceu
747 1745 870 1777 bellua
896 1750 1009 1785 atrox,
1038 1744 1205 1778 adversus
1232 1745 1355 1778 urbem
1381 1746 1492 1778 innu-

35 1790 141 1822 meris
168 1790 281 1834 copiis
316 1789 480 1832 tendens,
503 1797 596 1824 terra
627 1792 799 1836 marique.
856 1797 984 1824 terram
1017 1792 1181 1836 implevit
1202 1792 1286 1825 viris
1313 1798 1350 1825 et
1376 1792 1490 1837 equis,

34 1846 131 1868 mare
168 1835 283 1880 longis
309 1837 479 1880 navibu33
519 1848 607 1883 quas
641 1843 678 1871 et
713 1839 806 1882 ipsas
845 1837 1053 1871 hominibus
1080 1839 1209 1883 partim
1235 1850 1255 1871 e
1282 1838 1489 1883 regionibus

35 1882 259 1927 imperatoris
287 1884 418 1928 partim
444 1895 487 1917 ex
504 1895 564 1917 ora
590 1885 692 1930 ponti
721 1885 870 1926 Euxini,
896 1886 930 1918 vi
958 1885 1199 1918 conscendere
1216 1887 1363 1926 coactis,
1389 1896 1489 1918 com-

34 1929 158 1973 plevit.

127 1986 258 2020 Classis
286 1992 475 2032 postquam
518 1989 748 2026 accessisset,
775 1989 905 2021 intrare
943 1994 1084 2033 portum
1129 1995 1276 2035 propter
1302 1991 1486 2034 ingentem

34 2038 196 2066 catenam
230 2044 249 2066 a
266 2034 415 2066 Galatae
441 2045 502 2066 seu
530 2035 638 2067 Perae
663 2035 799 2080 oppido
828 2036 1032 2078 Byzantium
1063 2047 1173 2081 usque
1198 2036 1384 2070 obtentam
1410 2049 1486 2071 non

35 2081 167 2124 potuit.
216 2079 516 2113 machinationem
544 2093 627 2126 ergo
651 2082 805 2126 aggressi
836 2088 919 2114 sunt
938 2083 1060 2114 miram
1087 2093 1127 2115 ac
1157 2085 1285 2116 merito
1311 2083 1486 2129 obstupe-

33 2125 210 2159 scendam.
236 2128 401 2171 expansis
416 2129 509 2159 enim
534 2129 676 2161 navium
701 2129 803 2167 velis,
829 2134 865 2161 et
887 2129 986 2161 vario
1013 2129 1257 2162 machinarum
1283 2141 1412 2173 genere
1438 2131 1486 2164 ad

33 2173 312 2217 promovendum
335 2174 497 2207 subiecto
514 2201 523 2215 ‚
554 2176 591 2207 in
619 2181 746 2208 terram
785 2175 865 2208 illas
896 2186 1025 2218 magna
1051 2177 1177 2221 populi
1207 2188 1314 2208 manu
1340 2177 1485 2210 subtra-

32 2225 175 2259 xerunt,
201 2219 316 2252 donec
339 2221 499 2253 sublatas
527 2227 563 2253 et.
589 2227 773 2266 provectas
803 2233 868 2266 per
897 2223 1042 2255 acclivia
1073 2224 1109 2255 in
1134 2223 1342 2255 suburbano
1370 2225 1483 2256 Gata-

31 2270 103 2305 tae,
130 2276 209 2298 cum
238 2272 486 2310 tympanorum
523 2268 760 2312 tubarumque
798 2270 939 2309 sonitu,
971 2275 1185 2302 statuerunt.
1236 2269 1331 2302 unde
1355 2277 1481 2315 postea

31 2311 70 2344 in
99 2318 199 2356 parte
224 2312 368 2345 adversa
406 2315 444 2346 in
483 2315 597 2347 sinum
627 2314 786 2348 dulcium
821 2327 992 2360 aquarum
1017 2317 1110 2348 intra
1138 2321 1299 2348 catenam
1326 2317 1481 2350 demise-

31 2364 126 2392 runt.
175 2359 245 2392 hoc
271 2359 378 2392 modo
405 2366 544 2404 portum
571 2362 610 2393 in
630 2373 728 2394 suam
754 2368 965 2407 potestatem
994 2362 1219 2404 redegerunt.
1247 2369 1372 2407 postea
1400 2375 1479 2396 sca·

30 2405 83 2437 las
106 2417 167 2438 seu
197 2412 324 2450 pontes
350 2418 369 2439 e
391 2407 539 2440 navibus
569 2407 811 2441 descendendi
826 2420 867 2442 ex
894 2409 1000 2442 doliis
1028 2407 1278 2453 asseribusque
1302 2409 1476 2451 fecerunt,

29 2457 66 2484 et
90 2451 135 2484 ad
162 2453 346 2496 lignarium
385 2465 496 2498 usque
532 2460 670 2498 portam
709 2456 946 2500 (xyloportam
982 2457 1129 2497 vocant)
1167 2454 1373 2498 religarunt.
1423 2459 1475 2490 ita

27 2499 125 2532 omni
150 2499 257 2531 modo
278 2499 435 2544 undique
453 2501 779 2542 circumcluserunt,
805 2503 918 2535 veluti
934 2513 1057 2545 inagna
1081 2501 1132 2534 vis
1149 2511 1290 2542 canum,
1318 2503 1474 2536 admira·

26 2543 138 2577 bilem
165 2545 302 2586 urbem,
324 2552 360 2578 et
383 2554 671 2590 coangustatum..

119 2601 377 2636 obsidentibus
404 2609 479 2636 tum
506 2606 616 2649 ipsam
656 2617 695 2638 ac
720 2605 818 2638 bello
846 2610 938 2637 terra
963 2604 1123 2649 marique
1152 2604 1282 2638 infesto
1308 2617 1472 2649 premen-

26 2648 134 2685 tibus,
163 2649 319 2681 concidit
344 2652 527 2685 moenium
566 2663 667 2697 pars,
693 2663 819 2696 magno
858 2652 1092 2684 tormentatio
1122 2651 1261 2695 impetu
1286 2663 1470 2693 concussa,

1184 2713 1203 2730 ἢ

101 2711 185 2743 Hist.
211 2711 278 2755 pol.
309 2712 374 2744 (¹1².
1184 2734 1206 2744 .-
