1754 3016
551 85 983 129 PATmAncch.
1012 69 1022 89 ’
1407 75 1501 125 143

0 206 14 244 ᾗ,
41 186 114 227 καί
140 187 222 226 τῶν
245 185 484 226 ἐπιλοίπων.
540 179 576 226 οἳ
598 187 668 240 τῆς
696 188 975 238 παρανομίας,
1004 182 1040 227 αἲ
1071 187 1146 240 τῆς
1172 186 1390 236 κολακείας
1419 188 1505 228 τῶν

0 245 22 303 ζ
41 251 243 293 ἐλεεινῶν.
299 251 329 290 o‘
357 249 527 305 γνήσιος
555 249 858 306 μητροπολίτης
889 253 1224 303 ΠΙονεμβασίας,
1258 249 1281 291 ὅ
1316 251 1504 304 νομίμως

0 348 17 367 Ι
40 316 351 371 χειροτονηθείς
379 314 495 371 παρὰ
527 317 598 369 τῆς
628 315 864 370 ἆγνωτάτης
900 318 976 358 τοῦ
1004 320 1198 370 Χριστοῦ
1223 314 1408 372 μεγάλης
1436 318 1503 358 ἐκ·

0 384 3 430 ᾗ
44 384 230 435 πλησίας,
257 379 495 436 εὖρίσκετον
525 378 670 435 ὑγιής·
730 382 804 423 καί
820 380 891 423 διὰ
919 382 969 424 vd
1003 381 1265 462 ιίᾳῖενὸευουν
1292 385 1317 409 ⁸·
1345 381 1385 424 οἶ
1414 385 1502 424 Βε-

10 448 196 489 ὀνέτικοι
225 447 298 488 τὸν
325 445 480 500 θρόνον
510 446 661 499 αυτοῦ,
692 447 932 498 α’πεδίωξαν
966 447 1095 489 αὐτὸν
1131 464 1199 490 και
1231 447 1331 496 τούς
1358 463 1502 503 προτι-

43 514 192 588 τέρους
219 514 289 554 a’n'
333 510 472 554 αὐτόν.
527 515 598 553 καί
626 511 757 562 αὐτὸς
796 510 855 567 μὴ
885 511 995 566 ἔχων
1038 516 1123 554 ποῦ’
1161 512 1211 556 νὰ
1243 516 1418 571 καθίσῃ,
1450 513 1500 555 ντὶ

0 566 5 618 l
42 576 155 634 κάμῃ
183 578 346 634 θρόνον,
375 578 532 632 ὑπῆγεν
555 593 616 626 εις
633 579 738 631 μιάν
767 577 995 631 ἐπισκοπὴν
1021 578 1167 631 αυτοῦ,
1201 579 1224 634 ἢ
1253 579 1379 621 ὁποῖα
1405 583 1502 634 ἦτον

28 642 69 696 ἡ
98 643 327 722 Κορώνης,
355 660 424 685 και
455 643 547 685 ἐκεῖ
567 642 695 695 ἔκαμε
723 641 901 697 θρόνον,
934 660 997 685 οτι
1027 643 1120 686 τότε
1153 646 1174 699 r‘
1206 647 1313 701 αὐτή
1344 645 1502 699 Κοριό-

43 722 115 763 νης
142 704 232 765 εἶχε
262 711 424 764 πλῆθος
451 711 569 763 λαοῦ,
600 724 808 763 αρχοντας
834 709 1043 763 μεγάλους
1070 709 1144 752 καὶ
1172 707 1327 759 αλλους
1349 714 1500 766 χρησί-

10 775 151 824 θμους
177 769 336 828 ανδρας
364 790 433 815 και
460 777 620 829 πλῆθος
647 773 752 816 πολυ
778 776 854 816 τοῦ
871 777 991 816 λαοῦ.
1046 778 1119 817 κατ’
1150 775 1279 826 αὐτὸς
1305 774 1327 816 ὅ
1363 794 1500 830 παρα-

43 836 285 893 νομώτατος
311 841 552 894 Ἀρσένιος,
594 840 742 891 ζῶντος
781 841 913 881 αὐτοῦ
948 842 1022 881 τοῦ
1048 843 1221 894 γνησίου
1253 843 1499 898 αρχιερέως,

42 903 167 958 ἔλαβε
192 903 263 946 τὸν
288 903 443 959 θρόνον
486 905 623 947 αὐτοῦ
649 905 755 957 μετὰ
796 903 1016 956 δυνάμεως
1055 908 1135 947 τῶν
1168 910 1388 962 Λατίνων,
1426 911 1501 950 καί

42 971 239 1024 ἐμοίχευε
265 969 342 1025 τήν
371 965 590 1024 ἐκκλησίαν
615 972 811 1025 Χριστοῦ
847 972 922 1012 τοῦ
950 974 1068 1012 θεοῦ.

149 1034 278 1077 ’Λλλὰ
308 1033 420 1076 ἴδετε
461 1035 534 1076 καί
560 1037 604 1077 τί
625 1038 890 1090 χειροτονίαν
933 1035 1070 1089 ἔλαβε.
1127 1034 1148 1078 ὁ
1177 1038 1398 1086 ἐπίσκοπος
1428 1040 1500 1080 καί
1513 1041 1583 1076 148

9 1099 81 1145 5οἶ
113 1100 238 1156 ἱερεῖς
275 1099 436 1153 ἔκαμαν
459 1100 583 1142 αὐτὸν
612 1103 930 1157 μητροπολίτην.
1003 1101 1152 1156 φρίξον
1181 1101 1284 1158 ἥλιε,
1311 1106 1384 1144 καί
1407 1105 1499 1145 στέ-

44 1170 165 1219 ναξον
195 1163 220 1222 ἧ
250 1168 326 1221 γῆ,
364 1169 424 1215 εἰς
463 1167 539 1221 τήν
567 1168 765 1221 τοιαύτην
793 1169 1074 1222 παρανομίαν.
1145 1167 1167 1209 ὅ
1194 1172 1499 1225 μητροπολίτης

6 1232 179 1287 ’κάμνη
220 1233 444 1275 ἐπίσκοπον
479 1231 553 1273 καί
592 1231 720 1287 ἱερεῖς
757 1234 863 1275 κατὰ
903 1234 949 1274 τὸ
979 1234 1275 1288 α’ρχιερατικόν
1317 1234 1497 1288 ἀξίωμα,

44 1299 100 1349 ὥς
127 1296 444 1352 διαλαμβάνουν
472 1296 510 1340 οἱ
536 1301 648 1340 θεῖοι
679 1298 875 1347 κανόνες·
947 1299 1032 1353 α’μὴ
1062 1299 1082 1342 ὃ
1111 1303 1333 1349 ἐπίσκοπος
1360 1302 1434 1342 καί
1460 1299 1499 1343 οἱ

43 1363 170 1419 ἱερεῖς
199 1365 269 1406 δὲν
309 1365 494 1415 κάμνουν
534 1366 851 1419 μητροπολίτην.
922 1367 1010 1414 πῶς
1036 1364 1086 1407 νοὶ
1113 1368 1222 1419 γένει
1248 1363 1269 1407 ὁ
1297 1365 1390 1415 υἱὸς
1417 1384 1498 1408 πα-

43 1432 165 1484 τέρας
194 1424 221 1484 ἢ
249 1429 270 1472 ὃ
289 1433 473 1483 πατέρας
493 1428 610 1481 υἱός,·
641 1434 763 1472 τοῦτο
779 1429 866 1472 ἔναι
892 1430 1104 1473 ἀδύνατον
1122 1434 1194 1473 καί
1222 1433 1498 1485 ἀσεβέστατον

45 1497 118 1538 κατ’
139 1495 512 1550 παρανομώτατον.
545 1495 632 1551 α’μὴ
653 1495 675 1537 ὅ
691 1499 876 1551 πατέρας
896 1497 1034 1552 κάμνη
1051 1498 1178 1550 χρεία
1199 1498 1250 1540 νὰ
1267 1496 1356 1552 ἔχει
1374 1496 1501 1552 τιμήν

46 1561 103 1612 ὥς
135 1563 319 1618 πατέρας
347 1561 420 1603 καί
446 1560 607 1618 κεφαλή
634 1564 713 1603 τοῦ
739 1560 862 1604 υἱοῦ·
920 1562 942 1603 ὁ
977 1565 1024 1605 δὲ
1053 1562 1146 1611 υἱός
1174 1562 1225 1605 νοὶ
1256 1561 1349 1617 ἔχει
1377 1562 1500 1618 τιμὴν

48 1730 349 1764 miserandorum!
379 1742 482 1765 verus
507 1731 776 1765 Monembasiae
809 1732 1039 1776 metropolita
1057 1757 1066 1771 ‚
1094 1731 1155 1777 qui
1182 1731 1342 1775 legitime
1369 1743 1388 1764 a
1416 1743 1499 1765 san·

48 1779 204 1812 ctissima
219 1778 350 1811 Christi
375 1779 523 1812 ecclesia
551 1789 678 1822 magna
701 1778 888 1811 ordinatus
915 1784 1002 1817 erat,
1027 1779 1126 1811 vivus
1153 1779 1348 1824 valensque
1374 1790 1500 1824 super-

50 1831 138 1859 erat.
205 1824 311 1858 huius
338 1825 503 1858 thronum
533 1831 573 1858 ut
599 1827 635 1857 in
662 1830 841 1869 potestate
866 1836 929 1858 sna
956 1826 1084 1858 Veneti
1112 1825 1300 1865 haberent,
1326 1831 1362 1859 et
1387 1826 1431 1858 de
1458 1837 1501 1859 eo

50 1871 149 1917 quod
173 1871 303 1905 liberet
328 1872 498 1912 facerent,
523 1872 740 1917 expulerunt
763 1877 837 1904 tum
863 1873 979 1916 ipsum
1004 1877 1077 1905 tum
1105 1878 1346 1905 antecessores
1375 1873 1498 1917 ipsius.

50 1920 80 1952 is
106 1929 189 1962 ergo
213 1930 286 1951 non
310 1918 445 1951 habens
474 1918 535 1951 ubi
556 1919 740 1959 resideret,
767 1918 828 1951 ubi
857 1917 1024 1951 thronum
1050 1919 1296 1960 constitueret,
1320 1920 1357 1952 in
1385 1931 1501 1964 quen-

51 1965 130 1998 dam
156 1976 298 1998 suorum
337 1966 606 2009 episcopatuum
638 1977 675 1997 se
700 1966 875 2004 contulit,
902 1967 963 2010 qui
992 1971 1067 1998 erat
1097 1966 1132 1997 in
1159 1967 1301 1998 civitate
1328 1967 1502 1998 Coronae.

50 2011 100 2045 ibi
129 2012 251 2056 posuit
274 2011 340 2045 sibi
379 2011 567 2052 thronum,
607 2011 705 2056 quod
730 2017 815 2044 tunc
843 2023 885 2044 ea
923 2012 1047 2045 civitas
1074 2012 1243 2045 affluebat
1268 2012 1502 2045 multitudiue

51 2059 200 2104 populi,
239 2058 423 2091 nobilibus
463 2065 499 2091 et
525 2058 733 2103 potentibus
764 2059 918 2103 aliisque
954 2059 1220 2104 praestantibus
1249 2059 1346 2098 viris,
1376 2071 1502 2102 magna

51 2105 209 2150 denique
233 2106 360 2138 civium
387 2105 602 2150 frequentia.
666 2106 742 2149 ipse
765 2117 847 2137 vero
880 2107 1072 2145 Arsenius,
1101 2106 1356 2138 iniustissimus
1383 2106 1502 2146 homo,

52 2153 193 2185 vivente
226 2152 339 2195 ipsius
374 2163 539 2195 germano
566 2152 739 2196 pontifice
767 2153 955 2196 occupavit
987 2151 1105 2185 sedem
1132 2152 1230 2191 eius,
1257 2163 1324 2195 ope
1353 2152 1501 2184 Latino-

52 2211 127 2232 rum
154 2199 276 2238 fretus,
306 2199 561 2243 ecclesiamque
591 2198 734 2238 Christi,
763 2198 819 2231 dei
850 2199 985 2239 nostri,
1011 2199 1190 2231 adulterio
1215 2198 1433 2243 inquinavit.

147 2255 219 2290 Sed
244 2266 374 2300 operae
399 2258 549 2300 pretium
593 2262 646 2288 est
679 2256 881 2288 examinare
919 2256 1028 2300 ipsius
1053 2256 1312 2288 ordinationem
1350 2266 1410 2287 seu
1437 2256 1503 2288 de—

53 2302 298 2342 clarationem,
329 2303 443 2347 qualis
469 2305 640 2335 extiterit.
691 2304 878 2347 episcopus
904 2308 941 2335 et
969 2303 1172 2336 sacerdotes
1198 2303 1310 2346 ipsum
1339 2307 1504 2335 crearunt

54 2350 332 2394 metropolitam.
382 2348 544 2382 horresce
572 2350 636 2389 sol,
657 2350 848 2393 ingemisce
876 2355 988 2390 terras
1008 2349 1053 2381 ad
1078 2350 1182 2381 istam
1209 2350 1326 2391 legum
1356 2350 1504 2382 concul-

53 2398 240 2430 cationem.
291 2395 519 2440 metropolita
564 2396 650 2428 facit
684 2397 890 2440 episcopum
928 2403 964 2428 et
992 2395 1193 2428 sacerdotes
1228 2406 1291 2438 pro
1318 2396 1502 2439 pontificia

53 2443 226 2486 dignitate
254 2449 290 2475 et
313 2442 532 2486 praescripto
557 2453 732 2476 sacrorum
761 2454 951 2482 canonum,
980 2454 1052 2474 non
1079 2442 1156 2474 vice
1185 2452 1283 2473 versa
1310 2442 1501 2486 episcopus

55 2496 91 2523 et
117 2489 317 2523 sacerdotes
359 2489 635 2532 metropolitam.
696 2501 788 2534 quae
831 2496 883 2522 est.
918 2490 983 2521 ista
1024 2489 1256 2532 perversitas,
1281 2494 1321 2522 ut
1345 2489 1439 2521 filius
1464 2490 1501 2522 in

53 2542 188 2581 patrem
219 2541 376 2569 transeat
415 2542 477 2567 aut
503 2542 602 2579 pater
639 2537 676 2568 iu
702 2536 837 2568 filium?
888 2536 962 2567 fieri
989 2534 1056 2566 hoc
1084 2545 1156 2567 nou
1183 2540 1324 2579 potest,
1352 2535 1500 2580 impium

55 2589 131 2623 ost,
170 2595 188 2615 a
211 2583 349 2625 legibus
388 2581 565 2615 abhorret.
630 2583 692 2614 sed
720 2582 911 2615 necessitas
948 2580 1084 2624 flagitat
1123 2586 1161 2614 ut
1187 2586 1290 2625 pater
1325 2581 1499 2615 honorem

56 2629 187 2663 habeat
210 2630 321 2674 patris
345 2634 380 2662 et
409 2630 454 2661 sit
480 2635 588 2673 caput
608 2629 684 2669 filii,
721 2629 814 2662 filius
839 2629 992 2662 vicissim
1017 2627 1153 2661 honore
1178 2628 1314 2662 fruatur
1338 2629 1399 2674 qui
1427 2629 1499 2660 lilio
