1754 3016
582 120 963 177 mGuENTnM
997 136 1069 177 vl.
1440 113 1547 191 '265'-

161 273 164 275 -
215 240 376 283 Τοῦτον
407 240 455 283 δὲ
481 238 554 283 τόν
587 240 743 295 χρόνον
785 241 918 299 ἐδόθη
960 241 1082 299 φήμη
1109 238 1274 292 εἷςτὸν
1286 235 1467 295 ”Alfium
1497 237 1544 291 ὅς

79 323 142 358 τις
167 303 256 361 εἶχε
282 309 412 350 κτίσει
440 306 515 362 τήν
537 303 835 362 Ἀλβιούπολιν
855 307 931 365 τήν
961 311 1036 352 νῦν
1053 310 1277 364 λεγομένην
1303 305 1531 363 Ἀλβασάνι

80 374 154 418 καί
184 372 341 425 ἔστειλε
369 373 419 417 νά
451 376 523 433 ι’δῇ
551 377 597 418 τί
616 380 731 430 γένος
760 373 866 419 εἶναι
894 379 1044 420 ἐκεῖνοι
1073 375 1111 419 οἶ
1139 375 1444 431 νεοκατοίκητοι
1471 370 1544 417 ἄν·

76 444 264 495 θρωποι.
333 436 447 483 οὗτοι
494 444 541 485 δὲ
578 441 650 485 τὸν
688 443 980 499 ἀπεκρίθησαν
1016 444 1093 499 τήν
1129 443 1335 499 α’λήθειαν
1377 444 1432 484 δι’
1464 437 1545 484 ὅσα

46 508 176 558 ὁτούς
203 511 452 565 συνέβησαν,
480 509 553 552 καί
579 509 711 559 sta-‘3134-
740 512 899 566 ἐκίνησε
926 512 980 563 μὲ
996 510 1172 564 μερικὸν
1195 509 1446 564 στράτευμα
1466 507 1548 552 ’καί

7 577 10 579 ’
81 570 210 630 ἦλθεν
241 574 411 631 α’ντικρὺ
440 579 514 631 τῆς
533 574 832 629 Τιτουπόλεως,
859 579 932 619 καί
957 575 1133 632 ἐζήτησε
1164 576 1215 619 νὰ
1243 577 1312 635 ι’δῇ
1340 576 1410 618 τὸν
1427 580 1546 631 πρῶ-

80 655 152 683 τον
194 641 350 684 αὐτῶν.
420 641 441 683 ὅ
490 644 537 684 δὲ
571 646 688 691 Τῖτος
728 644 931 698 ἐπέρασεν
969 642 1102 692 εὕθὺς
1142 645 1198 696 μὲ
1234 641 1546 696 τεσσαράκοντα

81 701 244 763 ἄνδρας
269 708 488 758 ἐκλεκτοὺς
514 711 587 752 καί
614 709 822 764 ὡραίους·
867 709 956 752 ’καί
983 709 1041 758 ὥς
1066 709 1164 761 τούς
1194 705 1304 752 εἶδεν
1329 708 1350 751 ὃ
1368 704 1546 763 Ἀλβας,

80 773 301 827 ἐθαύμασε
329 775 404 830 τήν
443 778 684 832 ειῖμορφιάν
712 780 794 818 τῶν
821 778 1010 832 ἀνδρῶν,
1037 779 1110 819 καί
1138 777 1374 829 συνομιλῶν
1399 772 1548 830 πολλά,

26 831 153 882 ionem*
181 842 468 896 διηγουμένων
497 844 637 885 αὐτῶν
676 842 726 885 τά
773 837 889 885 ἆθλα
916 846 990 898 τῆς
1029 844 1232 897 πατρίδος
1259 858 1356 895 των,
1386 840 1548 895 ἔμεινεν

81 909 332 961 ε’κστατικᾰς,
355 909 704 964 συλλογιζόμενος
733 911 779 952 τί
803 909 855 951 νὰ
888 912 1019 968 κάμῃ,
1053 906 1123 951 ὅτε
1150 911 1342 966 ἐφοβεῖτο
1370 908 1430 964 μή
1459 907 1548 958 πώς

80 991 179 1019 ποτε
205 973 621 1031 ἤθελαν-πληθυνθῆ
657 979 728 1018 καί
770 976 972 1028 ὑποτάξει
1018 976 1116 1026 τοὺς
1156 974 1311 1026 τόπους
1338 991 1424 1018 του.
1456 975 1547 1017 ἀλλ’

82 1040 139 1092 ὥς
170 1042 374 1099 φρόνιμος
403 1042 425 1085 ὅ
462 1046 580 1093 Τῖτος
607 1041 839 1097 ἐκατάλαβε
884 1043 957 1085 τὸν
993 1043 1238 1097 στοχασμόν
1267 1058 1359 1096 του,
1379 1043 1452 1085 κατ’
1477 1042 1549 1084 τὸν

82 1110 294 1167 ἀπεκρίθη
321 1114 376 1164 μὲ
404 1111 549 1166 λόγους
588 1109 796 1160 πιθανούς
840 1112 951 1163 ποτέ,
982 1113 1112 1166 λέγων
1142 1105 1206 1152 “d’'
1234 1106 1431 1167 ἆγαπητὲ,
1462 1109 1549 1165 μὴν

26 1185 72 1221 15
84 1175 155 1232 ἔχε
183 1179 372 1220 τοιοῦτον
402 1177 699 1231 συλλογισμόν,
733 1173 795 1219 ὅτι
821 1176 974 1230 εἴμεθα
1012 1180 1119 1229 ξένοι
1145 1179 1218 1220 καί
1244 1179 1318 1232 τῆς
1347 1176 1550 1233 φιλτάτης

82 1261 169 1300 μας
198 1245 400 1299 πατρίδος
428 1245 650 1298 ἑξόριστοι,
680 1242 1154 1298 καί·ἐπαρακαλέσαμεν
1192 1243 1264 1286 τὸν
1290 1241 1392 1286 θεὸν
1418 1244 1550 1286 Πᾶνα

84 1316 135 1355 νὰ
162 1315 247 1367 μᾶς
275 1309 515 1369 καταστήσῃ
551 1312 610 1360 εἰς
650 1310 778 1353 τόπον
806 1307 1023 1367 εἰρηνικόν.
1098 1308 1212 1365 ὅμως
1249 1305 1301 1352 c'iv
1328 1327 1392 1360 τις
1422 1304 1550 1365 ἤθελε

84 1380 169 1434 μᾶς
199 1380 348 1434 ἐγγίζει
373 1381 507 1433 χωρίς
536 1377 685 1432 αἴτιον,
716 1378 810 1420 τότε
827 1379 1009 1432 βάνομεν
1037 1378 1111 1434 τὴν
1128 1378 1237 1434 ζωήν
1265 1395 1349 1433 μας
1377 1379 1436 1427 εἷς
1465 1374 1551 1418 θά-

86 1461 246 1499 νατον,-
271 1442 329 1495 ὥς
369 1444 574 1500 έξόριστοι
615 1446 688 1486 καί
732 1445 1076 1499 άπηλπισμένοι.”
1153 1445 1337 1494 οἰκούσας
1364 1447 1496 1487 ταῦτα
1528 1442 1550 1485 ὅ

21 1508 241 1565 ἃΟἏλβας
290 1513 436 1556 ἑπίασε
480 1512 555 1554 τὸν
597 1516 717 1554 Τῖτον
754 1512 824 1554 καί
850 1511 923 1553 τὸν
950 1513 1125 1568 ἐφίλησε
1155 1515 1266 1566 τρίς,
1296 1515 1427 1566 λέγων
1454 1512 1554 1552 “xoei

87 1577 169 1634 ἐγώ
198 1579 368 1634 εἰρήνην
398 1581 512 1621 θέλω
556 1582 603 1632 μ’
630 1581 758 1632 ε’σᾶς,
790 1581 862 1620 καί
889 1579 1076 1632 μάλιστα
1106 1580 1176 1622 διά
1208 1578 1286 1634 τήν
1313 1575 1552 1635 εὖμορφιάν

86 1649 160 1690 καί
187 1645 443 1701 εὖγλωττιάν
478 1662 557 1695 σας
585 1648 698 1688 θέλω
728 1647 866 1702 α’κόμη
911 1646 960 1688 νά
992 1649 1069 1699 μοι’
1098 1644 1255 1703 δώσητε
1285 1651 1397 1702 τρεῖς
1422 1660 1551 1700 κορα-

86 1714 210 1764 σίδας
239 1712 317 1762 τὰς
355 1713 647 1769 ἐκλεκτοτέρας
679 1713 753 1756 καί
793 1720 907 1770 τρεῖς
936 1713 1055 1763 νέους
1095 1712 1140 1756 ἐκ
1180 1715 1258 1757 τοῦ
1284 1714 1429 1768 γένους
1455 1728 1551 1766 σας,

230 1919 304 1954 Hoc
333 1924 453 1952 autem
483 1925 643 1965 tempore
670 1920 763 1954 fama
789 1920 834 1953 ad
860 1920 988 1954 Albam
1013 1920 1133 1955 delata
1160 1927 1225 1962 est,
1251 1922 1315 1968 qni
1341 1921 1554 1956 condiderat

91 1966 326 2013 Albiopolim,
359 1978 452 2012 quae
480 1979 575 2000 nunc
600 1973 748 2000 vocatur
778 1967 967 2010 Albasani,
993 1974 1030 2002 et
1056 1969 1151 2003 misit
1175 1968 1376 2015 quendam,
1414 1975 1455 2004 ut
1490 1981 1552 2003 co-

90 2020 288 2060 gnosceret,
307 2014 396 2060 quid
412 2015 553 2059 generis
581 2020 702 2047 essent
726 2014 780 2047 illi
807 2015 979 2056 advenae,
1006 2015 1043 2049 hi
1066 2022 1184 2050 autem
1210 2017 1243 2050 ei
1267 2027 1390 2050 verum
1404 2027 1554 2062 respon-

92 2062 223 2095 derunt
246 2062 291 2095 de
323 2063 378 2102 iis,
406 2073 498 2107 quae
526 2063 569 2094 iis
596 2061 812 2104 acciderant,
839 2065 1032 2109 statimque
1060 2064 1122 2096 ille
1147 2075 1227 2096 cum
1255 2069 1355 2108 parte
1374 2066 1551 2098 exercitus

92 2120 254 2154 egressus
283 2114 366 2142 ante
391 2109 589 2153 Titopolim
619 2109 735 2149 venit,
764 2115 799 2142 et
826 2111 976 2154 petivit,
1003 2116 1042 2143 ut
1072 2111 1270 2156 principem
1298 2121 1422 2144 eorum
1447 2110 1551 2145 vide-

91 2162 156 2196 ret,
181 2156 287 2190 Titus
313 2161 434 2189 autem
459 2167 536 2189 cum
565 2156 800 2200 quadraginta
821 2157 1027 2190 hominibus
1052 2157 1202 2191 delectis
1229 2163 1265 2191 et
1294 2158 1452 2202 pulchris
1478 2164 1551 2192 sta·

90 2205 154 2238 tim
179 2204 342 2245 advenit,
368 2215 457 2249 quos
483 2214 560 2236 curn
591 2203 695 2235 Albas
717 2203 868 2243 videret,
895 2203 1199 2248 pulchritudinem
1226 2205 1409 2238 homiuum
1435 2205 1549 2239 admi·

91 2255 189 2284 ratus
218 2256 286 2291 est,
312 2255 349 2283 et
372 2261 450 2283 cum
475 2251 588 2283 multa
613 2261 691 2282 cum
722 2251 765 2283 iis
793 2251 1083 2297 colloqueretur,
1110 2253 1239 2298 iiiique
1265 2253 1458 2286 certamina
1486 2264 1551 2298 pa·

90 2298 181 2331 triae
208 2308 293 2330 suae
319 2304 516 2338 narrarent,
542 2297 746 2342 obstupuit,
773 2309 892 2331 secum
922 2305 1111 2343 reputans,
1145 2299 1232 2344 quid
1261 2299 1418 2333 facturus
1444 2305 1551 2341 esset,

91 2345 176 2390 quia
201 2344 407 2384 metuebat,
442 2356 486 2377 ne
520 2344 664 2390 quando
698 2345 795 2378 aucti
833 2346 910 2379 loca
941 2346 1117 2379 subiicere
1154 2346 1302 2379 vellent.
1344 2346 1407 2379 sed
1433 2347 1549 2387 Titus,

91 2402 162 2438 qua
186 2397 263 2425 erat
288 2391 493 2437 prudentia,
522 2393 599 2424 eius
626 2393 815 2425 consilium
841 2393 1103 2433 animadvertit,
1123 2393 1232 2438 eique
1257 2392 1373 2427 verbis
1401 2393 1549 2439 placidis

91 2438 298 2484 respondit,
322 2438 517 2484 aliquando
544 2439 710 2480 tandem,
736 2441 878 2485 inquit,
904 2441 1105 2480 carissime,
1132 2445 1250 2473 tecum
1279 2446 1445 2486 reputes,
1483 2453 1549 2475 nos

92 2497 166 2519 esse
192 2487 398 2530 peregrinos
425 2491 462 2518 et
487 2486 603 2530 patria
627 2492 747 2520 nostra
773 2488 952 2520 carissima
980 2487 1148 2532 expulsos
1175 2498 1313 2533 nosque
1332 2488 1424 2521 Pana
1442 2487 1548 2522 deum

91 2532 295 2573 advocasse,
322 2538 361 2565 ut
388 2535 623 2567 constitueret
646 2545 711 2567 nos
742 2535 779 2567 in
804 2539 930 2567 terram
957 2540 1130 2580 pacatam.
1166 2540 1284 2568 tamen
1309 2535 1338 2567 si
1366 2536 1446 2580 quis
1471 2536 1548 2568 sine

96 2591 200 2612 causa
228 2591 291 2612 nos
327 2590 455 2612 vexare
494 2580 605 2619 velit,
647 2586 719 2614 tum
760 2583 866 2614 vitam
905 2587 1060 2615 nostram
1091 2581 1325 2615 defendemus
1363 2593 1475 2628 usque
1501 2583 1547 2616 ad

93 2633 256 2668 mortem,
284 2632 324 2659 ut
353 2626 491 2671 expulsi
518 2633 555 2660 et
583 2627 824 2672 desperantes.
874 2639 968 2673 quae
995 2640 1072 2661 cum
1099 2628 1297 2662 audivisset
1324 2628 1445 2670 Albas,
1471 2641 1546 2663 am·

92 2673 255 2720 plexatus
280 2675 402 2708 Titum
432 2679 485 2707 ter
510 2681 563 2707 est
590 2676 793 2715 osculatus,
820 2682 877 2716 et,
917 2687 979 2720 ego
1005 2687 1164 2722 quoque,
1191 2676 1335 2722 inquit,
1362 2676 1545 2710 vobiscum

92 2730 217 2766 pacem
242 2721 416 2757 sustinere
439 2722 545 2764 volo,
585 2727 621 2757 et
655 2724 847 2770 praecipue
884 2728 1032 2771 propter
1070 2722 1378 2770 pulchritudinem
1403 2730 1440 2760 et
1466 2724 1544 2759 elo-
