1754 3016
542 102 940 150 ‘FRAGMENTUM
975 106 1050 149 VI.
1431 99 1532 149 279

73 220 197 279 ofyloeg
230 223 413 278 Τριάδος
440 227 495 279 μὲ
539 224 743 279 ζευγάρια
774 224 878 267 ὀκτώ
906 224 980 267 καί
1008 225 1152 275 ἐλαίας
1178 225 1233 279 χ’,
1270 222 1369 274 τούς
1399 225 1442 267 Γ
1439 222 1536 267 ovd.

73 307 150 341 τας
176 292 231 345 μὲ
265 289 468 346 ζευγάρια
494 293 595 334 δέκα
627 291 701 334 καί
725 291 885 345 μύλους
913 293 1012 344 δύο,
1054 293 1114 342 εἷς
1161 290 1238 347 τὴν
1266 293 1436 351 Δέρβην
1465 289 1537 334 τὸν

74 356 178 400 ναὸν
214 361 299 400 τῶν
335 358 572 411 ἀσωμάτων
614 361 669 412 μὲ
709 358 912 413 ζευγὰρια
957 361 1089 404 πέντε.
1158 360 1232 401 καί
1268 360 1328 408 εἷς
1356 362 1435 412 μὲν
1461 357 1539 412 τὴν

78 425 307 480 Κλαδάνην
338 423 470 467 ἔκτισε
498 425 601 467 ναὸν
629 428 704 468 τοῦ
736 426 858 480 ἁγίου
886 424 1114 479 Νικολάου,
1143 427 1203 475 εἰς
1234 426 1281 467 δὲ
1310 424 1381 468 τὸν
1410 428 1537 478 Ζαμ-

41 494 64 529 5
73 491 218 547 βρινὸν
247 492 350 534 ναόν
378 495 452 534 τοῦ
479 490 601 547 ἁγίου
621 494 662 535 Γ
658 495 849 548 εωργιόυ,
877 490 949 535 τὸν
979 491 1124 535 ὁποῖον
1157 489 1391 546 ὄνομάζουν
1417 492 1536 549 ὕψη-

76 556 148 599 λὸν
180 561 222 600 Γ
217 558 406 613 εαίργιον.

208 623 439 679 Ἐπέρασαν
479 627 526 668 δὲ
557 617 752 668 οἷ’τόποι
784 620 900 668 οὗτοι
941 625 1128 681 εἰρηνικὰ
1170 627 1248 674 ἕως
1284 623 1360 667 τὸν
1388 623 1539 682 καιρὸν

71 689 350 746 Ἀνδρονίκου
376 693 585 746 βασιλέως
613 693 693 734 τοῦ
720 690 956 747 ἑλεήμονος.
1025 691 1119 733 τότε
1148 691 1306 747 ὖπῆγεν
1338 691 1360 734 ὅ
1390 691 1539 747 α’ρχιε-

77 758 177 813 ρεύς
201 757 466 808 Ἀθανάσιος
496 759 598 815 πρὸς
626 759 695 802 τόν
722 762 901 813 βασιλέα
924 758 997 800 καί
1022 757 1096 800 τὸν
1124 758 1220 800 τότε
1251 759 1536 814 πατριάρχην·

22 824 97 868 1Οὸ
129 827 176 868 δὲ
201 825 404 878 βασιλεὺς
438 827 509 869 τόν
553 824 830 882 ἐχάρισε-τῆν
871 823 1105 880 πανήγυριν
1135 825 1211 880 τὴν
1233 828 1454 881 γινομένην
1483 826 1542 874 εἷς

75 891 148 935 τὸν
174 892 425 946 Ζαμβρινόν
470 891 595 935 τόπον
639 892 713 947 τὴν
751 893 779 934 8
807 893 883 933 τοῦ
914 892 1115 947 Ἰουνίου,
1158 893 1231 933 καὶ
1255 891 1418 944 μύλους
1446 888 1540 941 δύο,

78 955 215 1015 ἇκόμη
246 960 320 1001 καί
358 961 418 1008 εἰς
446 959 519 1001 τὸν
547 957 750 1012 Βομπλὸν
791 958 915 1002 τόπον
946 958 1018 1000 διὰ
1064 956 1267 1015 ζευγάρια
1292 960 1405 1013 τρία,
1434 954 1541 999 ὅπου

77 1025 212 1070 ἔκτισε
241 1025 343 1070 ναὸν
366 1028 443 1070 τοῦ
474 1028 616 1080 τιμίου
646 1023 902 1081 προδρόμου,
933 1023 1006 1067 καὶ
1034 1027 1094 1076 εἷς
1124 1024 1198 1067 τὸν
1227 1022 1416 1079 Σοχακὸν
1446 1040 1534 1078 χω-

79 1096 169 1148 ρίον
197 1096 251 1147 μὲ
283 1095 409 1136 τόπον
441 1094 511 1135 διὰ
537 1091 738 1147 ζευγάρια
763 1092 896 1144 πέντε,
926 1092 1087 1146 μύλους
1117 1093 1195 1134 δύο
1223 1094 1296 1134 καί
1320 1090 1466 1142 ἐλαίας
1489 1088 1535 1143 τ’,

24 1167 68 1202 15
81 1163 154 1204 καί
180 1159 324 1217 ἕτερον
354 1162 549 1216 μετόχιον
582 1162 641 1209 εἰς
669 1159 945 1214 Δολοβίσταν.

87 1345 165 1374 erat
187 1339 227 1373 in
251 1338 413 1385 Pepelis,
448 1347 526 1370 cum
554 1341 636 1371 octo
663 1337 825 1382 iugerum
854 1346 936 1381 agro
961 1340 998 1368 et
1022 1334 1111 1368 oleis
1137 1336 1338 1375 sexcentis,
1366 1334 1544 1369 Gonatam

83 1398 164 1421 cum
190 1386 312 1420 decem
339 1386 501 1429 iugerum
531 1396 616 1429 agro
647 1390 684 1419 et
707 1384 869 1430 pistrinis
889 1382 1042 1422 duobus,
1068 1383 1242 1427 templum
1262 1383 1419 1427 spiritus,
1445 1381 1545 1428 quod

83 1440 161 1469 erat
185 1434 325 1467 nen-bae
341 1457 351 1474 ‚
379 1444 459 1465 cum
485 1434 647 1479 quinque
672 1433 833 1477 iugerum
861 1441 970 1475 agro,
995 1436 1105 1475 atque
1133 1429 1341 1463 chladanae
1366 1430 1543 1476 templum

83 1483 196 1516 sancti
223 1481 368 1515 Nicolai
395 1479 579 1519 condidit,
607 1479 782 1512 Zambrini
811 1479 984 1524 templum
1010 1478 1125 1511 sancti
1155 1477 1321 1522 Georgii,
1348 1475 1447 1523 quod
1471 1488 1542 1512 no-

81 1530 220 1564 minant
244 1528 355 1561 altum
383 1527 588 1572 Georgium.

217 1575 306 1608 Loca
332 1574 421 1607 haec
445 1574 483 1607 in
509 1585 597 1619 pace
624 1572 798 1617 degerunt
827 1583 940 1618 usque
965 1571 1011 1605 ad
1044 1576 1185 1617 tempus
1211 1571 1406 1606 Andronici
1433 1572 1541 1605 Elee-

82 1623 201 1658 monis
226 1623 318 1668 regis
335 1647 344 1662 ‚
369 1627 444 1655 tum
472 1621 683 1655 Athanasius
710 1620 1001 1666 archiepiscopus
1028 1619 1074 1652 ad
1101 1629 1218 1664 regem
1244 1623 1282 1652 et
1306 1619 1543 1664 patriarcham

82 1672 192 1710 venit,
222 1680 283 1703 rex
311 1674 430 1702 autem
456 1669 495 1702 ei'
515 1667 611 1702 dono
637 1667 738 1701 dedit
765 1667 958 1708 nundinas,
986 1677 1079 1712 quae
1107 1666 1286 1699 Zambrini
1311 1665 1371 1699 die
1393 1665 1417 1700 8
1440 1676 1543 1700 men-

83 1719 130 1751 sis
158 1718 252 1751 lunii
277 1717 435 1757 fiebant,
473 1721 509 1749 et
537 1715 687 1760 pistrina
713 1714 797 1755 duo,
825 1716 932 1749 etiam
960 1714 996 1746 iu
1019 1714 1175 1760 Vomplo
1202 1713 1438 1758 triariugera,
1475 1712 1541 1746 ubi

82 1764 257 1811 templum
285 1763 447 1798 condidit
471 1763 638 1796 honorati
666 1762 859 1808 prodromi,
886 1763 923 1795 in
943 1760 1100 1795 Sochaco
1125 1762 1287 1807 quinque
1313 1761 1448 1806 iugera,
1479 1760 1541 1807 pi-

83 1813 193 1846 strina
220 1811 304 1853 duo,
331 1811 430 1845 oleas
460 1815 649 1853 trecentas,
675 1815 712 1844 et
740 1810 851 1843 alium
879 1810 996 1844 vicum
1027 1809 1072 1841 ad
1100 1808 1340 1842 Dolobistam.
